2400 3968
524 241 633 295 CARM.
647 241 687 296 Π]
706 245 748 294 19.

569 384 703 451 XVIHI.

261 495 424 573 Quantum
448 494 546 559 distet
570 494 610 558 ab
632 490 771 559 Inacho'

306 582 430 648 Codrus
452 605 512 666 pro
535 583 642 667 patric
663 605 731 648 non
752 581 888 648 timidus
912 582 1000 648 mori

261 695 372 738 narras
396 675 429 737 et
452 692 553 757 genus
576 670 676 736 Aeaci

305 766 338 827 et
359 764 503 848 pugnata
527 782 617 827 sacro
640 761 726 826 bella
747 761 807 826 sub
831 759 908 826 Hic:

262 943 327 1006 quc
352 920 469 986 Chium
491 921 597 1007 pretio
621 921 736 986 cadum

305 1032 497 1096 mercemur,
522 1011 595 1094 quis
618 1032 738 1093 aquam
760 1013 921 1094 temperet
944 1010 1095 1098 ignibus,

263 1121 328 1183 quo
352 1101 525 1184 praebente
549 1099 681 1164 domum
704 1103 738 1165 et
761 1103 861 1183 quota
1007 1158 1013 1166 ,

306 1188 470 1275 Paelignis
495 1209 620 1253 caream
642 1188 835 1275 frigoribus,
857 1191 955 1254 taces.

261 1349 302 1414 dc
324 1350 419 1413 lunae
442 1370 578 1433 propere
601 1370 717 1432 novae,

307 1439 348 1502 da
369 1439 475 1503 noctis
497 1437 635 1523 mediae,
658 1437 710 1522 da,
733 1459 827 1523 puer,
850 1437 987 1523 auguris

262 1527 428 1593 Murenae:
451 1527 557 1592 tribus
581 1531 637 1592 cut
659 1548 776 1592 norem

306 1617 484 1682 miscentur
507 1615 632 1700 cyathis
654 1615 771 1700 pocuia
794 1615 986 1681 commodis.

263 1777 319 1862 qui
342 1777 451 1842 Musas
475 1779 563 1842 amat
585 1775 732 1861 imparis,

307 1870 416 1931 ternos
439 1869 490 1930 ter
513 1864 647 1950 cyathos
670 1864 830 1930 attonitus
853 1867 944 1948 petet

262 1958 367 2039 vates3
390 1954 450 2018 tris
473 1953 627 2039 prohibet
649 1976 748 2038 supra

307 2044 451 2108 rixarum
473 2047 620 2108 metucns
644 2046 777 2130 tangere
800 2041 915 2108 Gratia

263 2203 359 2268 nudis
382 2203 493 2269 iuncta
515 2204 690 2269 sororibus.

309 2293 451 2358 insanire
473 2293 576 2357 iuvat:
600 2314 657 2357 cur
679 2291 890 2379 Berecyntiae

267 2386 395 2447 cessant
416 2383 548 2447 flamina
570 2381 691 2447 tibiae?

309 2492 366 2536 cur
388 2471 508 2554 pendet
530 2466 630 2536 tacite
651 2470 763 2536 fistula
784 2493 859 2536 cum
881 2471 977 2556 lyra?

263 2630 427 2716 parcentis
450 2653 511 2718 ego
535 2632 682 2696 dexteras

310 2721 376 2785 odi:
401 2742 516 2806 sparge
538 2742 643 2805 rosas,
666 2719 777 2785 audiat
798 2719 928 2784 invidus

266 2810 448 2874 dementem
473 2809 645 2893 strepitum
668 2809 776 2894 Lycus

311 2902 344 2962 et
366 2897 473 2963 vicina
495 2899 564 2964 seni
585 2921 652 2964 non
675 2897 794 2963 habilis
817 2897 915 2982 Lyco.

203 3056 376 3128 &ABE
445 3055 582 3127 curru

205 3199 282 3269 19‚1
304 3198 392 3253 distet
403 3198 440 3268 Q)
453 3198 492 3270 (ᾧ
505 3200 638 3268 (metrica),
657 3199 747 3252 distat
761 3199 812 3254 Rc
830 3197 978 3269 (Victoria.
988 3215 1105 3270 pram
1115 3196 1153 3251 VI

133 3275 196 3338 177,
214 3273 243 3340 2)
344 3268 436 3339 2pro
460 3270 554 3338 patria
577 3287 633 3323 non
655 3268 773 3323 timidus
796 3269 869 3324 mori
890 3271 929 3340 Θ
1006 3270 1148 3340 (Victoris.

150 3359 246 3399 ramm.
262 3341 308 3396 VI
323 3345 385 3407 175,
398 3344 437 3411 2),
456 3359 512 3395 non
530 3340 648 3394 timidus
666 3359 717 3410 pro
736 3341 832 3410 patria
850 3341 922 3395 mori
985 3357 1020 3397 σε
1039 3345 1066 3410 3,
1078 3344 1106 3408 2,
1119 3341 1149 3394 13

132 3361 228 3468 {43
246 3413 281 3478 cf.
296 3413 401 3467 Aaron.
414 3416 468 3467 335
481 3431 512 3482 p.
528 3416 591 3480 197,
603 3416 641 3468 24
656 3413 755 3481 Pec'per
773 3416 874 3481 et336,
889 3417 905 3466 1
969 3411 1004 3466 11
1022 3412 1149 3468 Murenae

187 3485 226 3557 (ᾧ
242 3484 323 3540 schol.
342 3488 375 3551 Γ,
398 3484 514 3537 Munere
535 3487 559 3537 Φ
648 3482 685 3538 12
704 3483 858 3538 miscentur
874 3484 912 3555 Θ
927 3482 980 3555 (ᾧ,
1003 3483 1150 3540 miscentur

136 3564 283 3682 rm
316 3554 751 3699 aerumnae
765 3554 976 3682 aar

213 3644 297 3682 as
465 3645 564 3696 orp.,
605 3643 675 3679 arr
752 3643 894 3682 uc.
