2386 3974
507 184 615 239 CARM.
630 184 699 237 130.
715 188 757 237 31,

581 328 681 393 XXX.

308 434 335 501 Ο
360 436 469 500 Venus
492 438 604 523 regina
627 433 720 499 Cnidi
742 435 926 519 Papirique,

309 548 421 610 sperne
445 525 593 590 dilectam
618 523 748 608 Cypron
771 528 803 588 et
825 524 971 590 vocantis

306 621 378 680 ture
402 619 434 679 te
457 616 559 681 multo
585 613 739 698 Glycerae
762 613 910 677 decoram
983 607 986 613 ’

395 704 533 769 transfer
555 704 589 767 in
612 703 731 767 aedem.

307 829 450 893 fervidus
473 833 580 893 tecum
603 850 683 912 puer
707 831 738 891 et
761 826 876 891 solutis

308 917 436 982 Gratiae
460 918 549 982 zonis
572 919 809 1001 properentque
833 915 1006 1000 Nymphae

308 1011 339 1070 et
361 1030 475 1090 pamm
498 1007 600 1071 comis
623 1007 691 1070 sine
714 1009 747 1069 te
769 1003 922 1069 Iuventas

395 1096 645 1179 Mercuriusque.

573 1361 689 1426 XXXI.

308 1469 392 1546 Quid
416 1470 597 1534 dedicatum
620 1470 726 1553 poscit
748 1468 933 1552 Apollinem

307 1560 417 1624 vates?
464 1560 541 1643 quid
565 1563 636 1624 orat
659 1559 697 1622 de
720 1563 831 1642 patera
854 1579 973 1622 novom

351 1649 488 1713 fundens
510 1648 693 1731 liquorem?
739 1669 805 1712 non
829 1647 956 1730 opimae

397 1737 562 1803 Sardiniae
586 1741 710 1823 segetes
733 1735 861 1820 feracis,

308 1886 372 1926 non
397 1866 563 1926 aestuosae
587 1866 678 1947 grata
702 1860 866 1925 Calabriae

309 1957 465 2034 armenta,
489 1974 554 2016 non
578 1974 692 2014 aurum
715 1955 771 2014 aut
794 1951 874 2014 ebur
895 1948 1057 2035 Indicum,

351 2062 415 2104 non
438 2064 526 2123 rura,
550 2063 631 2124 quae
655 2040 739 2104 Liris
763 2041 872 2123 quieta

395 2131 520 2194 mordet
543 2152 629 2213 aqua
652 2130 830 2195 taciturnus
854 2128 967 2193 amnis.

306 2259 455 2338 premant
479 2253 630 2319 Calenam
652 2253 735 2317 falce
758 2253 875 2337 quibus
900 2254 988 2318 dedit

307 2345 437 2409 fortuna
460 2346 573 2427 vitem,
597 2344 685 2406 dives
709 2346 745 2407 ut
770 2344 872 2407 aureis

350 2439 510 2499 mercator
533 2433 670 2497 exsiccet
694 2433 812 2497 culillis

396 2524 472 2588 rina
495 2521 576 2607 Syra
599 2527 748 2606 reparata
770 2543 887 2605 merce,

307 2647 356 2711 dis
381 2669 472 2711 carus
495 2647 588 2730 ipsis,
613 2647 733 2730 quippe
756 2651 806 2710 ter
828 2651 860 2710 et
884 2650 1000 2729 quater

307 2758 392 2800 anno
416 2735 558 2800 revisens
581 2757 704 2818 aequor
726 2734 928 2799 Atlanticum

125 2849 149 2889 rs
352 2827 479 2909 inpune.
525 2847 576 2889 me
599 2830 735 2908 pascunt
760 2825 875 2906 olivae,

396 2937 447 2978 me
471 2914 617 2978 cichorea
639 2913 790 2996 levesque
813 2914 946 2977 malvae.

194 3072 364 3142 &ABE
434 3070 570 3142 (mrsu

196 3212 274 3286 80st
290 3230 390 3284 sperne
406 3244 439 3253 -
454 3212 566 3282 Cypron
580 3214 613 3267 ob
627 3214 689 3280 fem.
701 3212 812 3282 Cypron
826 3216 872 3268 Pa.
883 3215 965 3269 Prob.
976 3210 1141 3285 qrammlv

123 3289 279 3428 229'81159
299 3355 426 3410 calenam
446 3357 542 3410 omma
557 3358 668 3424 Porpt„
688 3356 788 3411 calena
805 3358 841 3426 ᾧ
858 3357 896 3428 (m
951 3357 989 3410 10
1008 3356 1088 3410 diues
1108 3386 1135 3395 -

125 3428 229 3482 culillis
247 3429 279 3483 ob
298 3427 411 3480 culillue
429 3428 508 3483 schol.
524 3431 551 3480 Γ
567 3445 614 3481 ors
628 3436 699 3495 poet.
714 3433 768 3481 434
840 3431 872 3481 ut
886 3430 913 3481 Β
989 3430 1080 3495 (schol.
1094 3430 1136 3494 Γ),

125 3502 154 3553 et
172 3498 306 3555 Anam
379 3499 413 3552 11
435 3497 539 3552 culillis
559 3498 700 3565 (cui.illia
719 3502 758 3569 B)
781 3499 817 3569 Q)
834 3499 884 3570 Θ,
909 3516 943 3553 cu
955 3499 1042 3569 ul(l)ie
1063 3502 1086 3553 Φ
1103 3497 1135 3565 cf.

125 3588 172 3625 crs
190 3575 243 3624 434
315 3570 353 3624 16
373 3570 605 3641 [ΘεΑΒΒΕ]
