2400 3968
86 178 153 241 274
461 177 571 233 EPIST.
591 178 604 230 1
624 183 666 232 14.
687 183 730 232 15.

140 344 256 406 meque
280 327 312 387 et
335 327 380 387 te:
404 345 479 387 nam
503 346 585 408 quae
608 324 734 388 deserta
758 327 793 387 et
813 323 983 408 inhospita
998 329 1084 408 tesqua

101 439 127 478 aa
141 413 257 495 orediS,
281 434 415 477 amoena
438 418 532 477 vocat
554 434 680 477 meeum
705 412 761 496 qui
787 414 905 496 senfit,
928 417 961 478 et
982 414 1042 478 odit

141 524 222 585 quae
246 506 282 564 tu
305 501 442 584 pulchra
464 505 568 585 putas.
609 501 718 567 fornix
741 501 805 566 tibi
824 505 860 565 et
880 507 977 568 uncta
993 503 1086 587 popiru

139 591 302 655 incutiunt
322 588 421 655 Vrbis
445 591 652 675 desiderium,
675 590 784 675 rideo,
807 595 842 665 et
868 592 957 676 quod

141 679 279 766 angulus
302 680 364 744 iste
387 679 470 745 feret
491 679 585 764 piper
608 683 641 744 et
664 685 717 744 tus
741 681 833 744 ocius
859 703 924 745 uva

139 790 198 832 neo
221 769 328 832 vioina
351 769 463 833 subest
485 770 598 833 vinum
619 769 773 853 praebere
797 768 938 837 taberna

100 884 125 924 aa
142 879 223 941 quae
245 857 349 941 possit
371 858 433 921 tibi
456 879 515 922 nee
538 859 691 922 meretrix
713 857 853 922 tibioina
877 860 971 923 ouius

140 948 180 1011 ad
209 947 380 1030 strepitum
407 946 502 1010 salias
526 951 630 1011 terrae
653 948 775 1033 gravis3
804 952 837 1011 et
862 952 974 1012 tamen
996 969 1076 1034 urges

139 1037 330 1120 iampridem
353 1058 419 1100 non
442 1040 528 1100 taeta
551 1036 715 1121 ligonibus
739 1058 816 1100 arva
838 1037 1023 1121 bovemque

140 1127 335 1190 disiunctum
360 1146 451 1189 ouras
475 1129 508 1189 et
531 1126 652 1189 strictis
675 1124 847 1189 frondibus
873 1125 996 1210 exples.

140 1215 229 1278 addit
252 1235 334 1297 opus
358 1215 452 1299 pigro
477 1216 577 1298 rivos,
601 1215 629 1278 si
652 1214 770 1278 decidit
792 1213 914 1300 imber,

99 1331 125 1371 ao
139 1303 242 1368 multa
264 1303 350 1367 mole
373 1303 535 1368 doeendus
559 1303 668 1388 aprioo
692 1323 822 1386 parcere
845 1308 954 1387 prato.

139 1415 225 1456 nuno
248 1414 320 1477 age,
345 1392 424 1475 quid
445 1397 593 1456 nostrum
618 1395 808 1456 concentum
832 1392 976 1477 dividat,
991 1393 1072 1458 audi.

140 1504 234 1565 quem
258 1485 372 1544 tenues
397 1482 530 1545 decuere
552 1485 647 1566 togae
670 1480 829 1563 nitidique
854 1482 984 1567 capilli,

140 1592 236 1654 quem
260 1571 323 1634 sois
346 1571 513 1634 inmunem
538 1568 672 1635 Cinarae
694 1570 855 1655 plaouisse
881 1574 1008 1655 rapaci,

142 1682 238 1743 quem
261 1658 407 1723 bibulum
432 1658 549 1742 liquidi
571 1660 678 1723 media
701 1659 740 1723 de
762 1659 833 1723 luce
856 1658 1008 1727 Falerni:

99 1775 125 1815 as
140 1747 218 1813 oen'a
240 1748 348 1812 brevis
371 1749 461 1812 iuvat
484 1753 516 1812 et
539 1770 640 1833 prope
663 1749 768 1811 rivom
791 1770 926 1813 somnus
946 1751 984 1814 in
1002 1750 1099 1834 herba

139 1859 198 1902 neo
220 1837 336 1901 lusisse
360 1838 472 1923 pudet,
497 1838 553 1901 sed
576 1860 642 1902 non
664 1836 804 1901 incidere
826 1837 952 1902 ludum.

140 1948 205 1990 non
228 1927 302 1990 istie
326 1926 461 2009 obliquo
486 1925 579 1991 oculo
602 1949 674 1991 mea
697 1926 867 1992 commoda
892 1929 1065 2014 quisquam

139 2016 244 2101 limat,
268 2037 333 2079 non
357 2016 432 2079 odio
457 2015 594 2080 obscuro
618 2037 793 2098 morsuque
816 2023 971 2082 venenat:

139 2106 246 2170 rident
269 2105 368 2169 vicini
391 2105 522 2188 glaebas
546 2108 578 2168 et
603 2127 680 2168 saxa
702 2108 886 2169 moventem

100 2223 125 2262 40
141 2217 213 2260 oum
237 2194 346 2258 servis.
394 2194 516 2257 urbana
540 2194 642 2258 diaria
664 2193 777 2257 rodere
799 2195 918 2276 mavis,

138 2285 255 2348 horum
279 2287 315 2346 tu
339 2283 373 2346 in
396 2298 576 2346 numerum
589 2287 665 2347 voto
688 2283 769 2367 ruis3
792 2283 919 2348 invidet
942 2307 1041 2350 usum

139 2374 303 2458 lignorum
327 2377 360 2435 et
382 2372 508 2455 peeoris
530 2373 592 2436 tibi
616 2371 685 2436 oalo
709 2374 843 2456 argutus
867 2377 902 2435 et
925 2372 1028 2439 horti.

141 2466 233 2546 optat
255 2462 409 2545 ephippia
432 2461 506 2543 bos,
528 2463 623 2546 piger
647 2464 738 2544 optat
761 2482 851 2524 arare
875 2461 1039 2528 caballus:

140 2574 236 2635 quam
261 2552 323 2614 seit
345 2555 494 2634 uterque,
517 2550 635 2634 libens,
659 2551 804 2633 censebo,
828 2557 980 2616 exerceat
1004 2557 1105 2618 arten.

565 2797 635 2863 XV.

141 2907 228 2983 Quae
252 2907 295 2969 sit
316 2907 421 2970 hiems
441 2907 566 2990 Veliae,
590 2906 677 2989 quod
700 2906 836 2986 eaelum,
857 2905 951 2992 Vale,
977 2907 1106 2992 Salemi

141 3018 279 3080 quorum
292 2996 463 3060 hominum
477 2996 567 3082 regio
583 3000 616 3059 et
630 2995 734 3078 qualis
749 2995 802 3058 via
816 2992 905 3082 (nam
920 2997 1006 3062 mihi
1019 2998 1106 3063 Baias

141 3086 233 3149 Musa
257 3107 470 3169 supervacuas
494 3085 672 3167 Antonius,
696 3088 728 3149 et
750 3088 859 3148 tamen
882 3084 949 3148 illis

158 3226 291 3297 aaran
360 3225 497 3296 oraro

160 3349 197 3403 19
222 3352 317 3420 qu(a)e
336 3351 372 3420 Q
389 3348 439 3420 Q,
467 3365 524 3416 qua
543 3349 646 3418 (A¹‘?a)
665 3350 770 3403 Bland.
844 3347 882 3403 25
900 3351 995 3417 possit
1013 3351 1105 3424 QQ,

86 3424 182 3490 posset
205 3423 266 3476 AR
352 3420 390 3474 33
420 3419 553 3490 ainar(a)e
582 3423 669 3488 (erae
691 3422 729 3489 A)
754 3421 791 3491 Q
807 3420 856 3492 Q,
887 3421 1027 3492 cinyr(a)e
1049 3423 1105 3478 Fu

87 3491 126 3545 lo
146 3493 238 3545 diaria
252 3495 288 3563 Q
300 3493 346 3564 Q,
365 3491 473 3546 cibaria
488 3491 528 3547 R¹
541 3492 619 3545 Goth.
636 3513 661 3560 93
686 3492 847 3564 <‘diaria'>
867 3491 952 3547 aliter
968 3494 1103 3550 ‘cibaria’.

87 3566 166 3618 schot.
181 3566 242 3618 ΓΕ
319 3563 356 3617 41
376 3563 484 3617 invidet
493 3595 527 3603 —
538 3563 612 3616 horti
627 3565 659 3618 ob
673 3565 948 3630 ooe.Prisr.18‚138
958 3583 990 3634 p.
999 3571 1064 3633 271,
1072 3569 1105 3620 24
