2386 3974
495 232 605 288 CVRM.
619 233 646 287 11
660 239 684 288 6.

565 376 620 444 VI.

219 485 371 570 Septimi,
394 484 491 551 Gadis
515 487 639 551 aditure
662 508 788 552 mecum
812 489 846 551 et

220 575 415 640 Cantabrum
439 575 604 641 indoctum
628 575 704 660 iuga
726 575 809 641 ferre
832 577 943 642 nostra
966 577 1001 640 et

219 664 371 729 barbaras
395 663 514 750 Syrtis,
538 665 594 729 ubi
616 663 730 730 Maura
753 686 879 749 semper

263 757 388 819 aestuat
409 754 508 819 unda:

114 916 119 925 ·
219 897 322 961 Tibur
343 895 451 983 Argeo
475 896 619 980 positum
642 895 757 961 colono

219 987 261 1051 sit
284 1007 373 1050 meae
397 984 487 1049 sedes
510 985 635 1050 utinam
659 988 817 1067 senectae,

219 1076 262 1141 sit
284 1074 399 1141 modus
422 1074 508 1138 lasso
531 1075 630 1138 maris
654 1078 686 1138 et
708 1072 833 1138 viarum

262 1163 470 1247 militiaeque.

218 1306 302 1371 unde
326 1307 353 1370 si
376 1305 495 1371 Parcae
518 1305 692 1389 prohibent
715 1305 858 1392 iniquae,

218 1395 310 1460 dulce
333 1395 454 1479 pellitis
479 1396 593 1460 ovibus
618 1393 746 1459 Galaesi

216 1486 339 1549 flumen
361 1488 393 1548 et
415 1488 548 1568 regnata
571 1487 678 1567 potam
701 1483 822 1549 Laconi

261 1596 338 1638 rura
359 1572 549 1638 Phalantho.

218 1717 272 1781 illo
295 1720 453 1780 terrarum
476 1715 558 1778 mihi
580 1718 708 1798 praeter
730 1715 836 1780 omnis

218 1804 355 1891 angulus
376 1803 473 1887 ridet,
496 1804 553 1867 ubi
575 1825 643 1868 non
664 1803 821 1889 Hymetto

217 1894 314 1959 mella
336 1893 494 1958 decedunt
516 1892 676 1976 viridique
700 1896 802 1958 certat

262 1984 341 2047 baca
364 1981 519 2065 Venafro,

217 2146 274 2190 ver
295 2125 352 2189 ubi
375 2125 509 2209 longum
534 2123 722 2209 tepidasque
744 2124 877 2207 praebet

217 2212 364 2299 Iuppiter
385 2214 515 2278 brumas
539 2217 571 2278 et
594 2214 716 2279 amicus
739 2213 849 2278 Aulon
953 2289 957 2296 ⁴

217 2303 317 2368 fertili
339 2303 467 2368 Baccho
491 2303 662 2367 minimum
684 2301 830 2367 Falernis

263 2393 384 2457 invidet
408 2393 492 2477 uvis,

218 2534 273 2599 ille
297 2539 328 2600 te
351 2557 478 2600 mecum
500 2536 591 2598 locus
615 2537 646 2598 et
669 2532 781 2597 beatae

218 2625 386 2708 postulant
409 2645 510 2688 arcos:
534 2623 581 2687 ibi
603 2627 640 2686 tu
664 2621 819 2687 calentem

218 2713 326 2778 debita
350 2735 480 2799 sparges
504 2712 637 2776 lacrima
659 2711 803 2776 favillam

262 2804 345 2867 vatis
369 2803 472 2866 aurici.

154 2943 364 3014 QtABDE
432 2942 569 3013 ΘιΒΦ

156 3049 185 3120 6,
201 3048 219 3102 3
237 3048 288 3102 ubi
307 3081 340 3089 -
359 3049 437 3101 unda
456 3051 488 3103 ob
506 3066 562 3102 rem
579 3048 769 3114 SeraAea.5,
784 3052 838 3102 192
911 3047 929 3104 ,5
948 3050 982 3105 ob
995 3048 1098 3120 Argeos

83 3123 176 3188 adfert
193 3122 281 3175 Prisc.
295 3124 323 3186 2,
340 3125 375 3174 48
388 3138 419 3189 p.
435 3124 516 3186 748
589 3118 627 3173 13
650 3151 680 3158 -
700 3119 775 3173 ridet
793 3121 826 3174 ob
844 3119 937 3173 ridere
956 3120 1097 3176 Serulius.

85 3197 110 3260 7,
130 3197 166 3246 55
256 3191 293 3247 17
313 3222 349 3232 —
368 3191 482 3244 brumas
507 3191 629 3261 (umbras
648 3191 736 3260 codd.)
760 3193 792 3246 ob
811 3207 859 3244 ver
877 3190 995 3260 longum
1013 3193 1101 3260 adfert

83 3265 157 3321 Sero.
176 3270 249 3319 arat.
268 3280 357 3334 peorp.
375 3267 404 3330 2,
423 3267 476 3316 149
577 3262 614 3316 18
634 3264 663 3315 et
681 3295 716 3302 —
735 3261 846 3316 Baccho
866 3265 898 3318 ob
917 3262 1012 3318 Aulon
1029 3263 1099 3321 Sera

83 3337 153 3391 Aea.
174 3338 201 3403 3,
219 3338 273 3390 553
346 3333 454 3388 amicus
471 3335 508 3404 Q
525 3333 563 3405 Q
583 3334 690 3400 (Sero),
715 3336 749 3401 cf.
769 3342 794 3388 et
813 3327 934 3388 dilectus
953 3334 1025 3391 Stat.
1042 3334 1098 3391 alo.

82 3411 111 3475 2,
128 3411 156 3474 2,
174 3409 208 3474 4;
235 3405 356 3461 amictus
375 3406 510 3460 Heinsius
601 3405 639 3459 19
665 3405 754 3459 fertili
777 3406 813 3476 Q
877 3447 885 3471 ,
913 3404 1019 3461 fertilis
1040 3404 1101 3461 Fu

84 3480 168 3547 (male
189 3495 224 3533 aa
241 3479 356 3546 Porpb.)
378 3478 477 3546 (Sero.)
519 3482 520 3486 ’
568 3477 715 3530 minimum
734 3478 770 3547 Q
792 3476 830 3548 Q
875 3478 960 3546 orph,
983 3477 1101 3532 nimium

83 3550 136 3604 Fe
216 3547 254 3602 22
272 3548 315 3601 ibi
333 3550 370 3621 Q
386 3548 437 3621 Q,
455 3547 506 3601 ubi
525 3548 576 3602 Fe
656 3546 695 3601 24
713 3548 819 3619 legitur
838 3550 867 3602 et
887 3548 972 3602 ‘vatis
990 3546 1100 3605 Honfi’

83 3623 131 3676 Pa.
151 3622 253 3689 Porpb.
274 3621 319 3688 (cf.
339 3625 364 3687 4,
384 3625 409 3687 6,
428 3623 473 3690 44)

515 3732 675 3740 ——-——
