2400 3968
361 105 523 161 casnm
542 111 567 161 6.

438 251 493 317 Vl.

90 359 218 429 Delicta
240 359 400 425 maiorum
423 358 592 424 inmeritus
616 359 695 442 lues,

85 448 250 533 Romane,
273 448 375 512 donec
397 448 518 534 templa
540 446 690 514 refeceris

135 537 287 621 aedisque
309 538 449 602 labentis
473 537 604 602 deorum
628 541 661 602 ot

97 698 100 706 ,
180 626 273 691 foeda
295 626 390 712 nigro
415 627 587 692 simulacra
609 627 708 692 fumo.

88 788 141 852 dis
163 791 197 850 te
219 785 378 851 minorem
402 786 489 870 quod
511 788 609 872 geris,
633 787 784 871 imperasx
963 811 976 852 c

87 876 167 941 hinc
190 896 285 940 omne
306 875 516 960 principium,
538 875 603 940 huc
624 875 710 941 refer
732 876 868 940 exitum:

137 965 170 1029 di
193 966 297 1029 multa
318 964 458 1050 neglecti
483 964 639 1029 dederunt

179 1052 355 1137 Hesperiae
379 1054 463 1118 mala
486 1054 660 1119 luctuosae.

89 1212 228 1278 iambis
251 1212 420 1278 Monaeses
443 1218 476 1278 et
498 1214 612 1279 Pacori
636 1236 751 1278 manus

90 1302 311 1387 inauspicatos
334 1303 483 1367 contudit
504 1304 647 1387 impetus

135 1396 266 1456 nostros
289 1396 323 1456 et
345 1392 500 1458 adiecisse
522 1392 674 1476 praedam

180 1480 352 1565 torquibus
376 1482 502 1568 exiguis
525 1481 658 1546 renidet.

90 1662 190 1725 paene
214 1644 405 1726 occupatam
428 1639 640 1706 seditionibus

92 1730 209 1795 delevit
232 1729 355 1794 Vrbem
378 1730 484 1795 Dacus
508 1734 540 1795 et
563 1729 732 1814 Aethiops,

134 1818 189 1883 hic
213 1820 315 1885 classe
337 1820 542 1902 formidatus,
565 1819 620 1884 illa

180 1908 360 1973 missilibus
384 1909 498 1974 melior
521 1908 658 1993 sagittis.

90 2067 228 2133 facunda
251 2069 364 2152 culpae
388 2069 514 2133 saecula
536 2069 667 2152 nuptias

91 2157 232 2241 primum
255 2157 465 2242 inquinavere
488 2161 521 2222 et
543 2179 645 2244 genus
669 2160 702 2220 et
725 2156 850 2221 domos:

136 2246 200 2311 hoc
222 2246 313 2312 fonte
337 2247 480 2312 derivata
503 2246 607 2310 clades

180 2335 215 2398 in
237 2337 374 2420 patriam
397 2337 618 2420 populumque
641 2333 743 2398 fluxit.
950 2359 976 2400 so
1068 2401 1070 2404 ,

91 2498 201 2559 motus
225 2495 333 2560 doceri
356 2496 476 2581 gaudet
497 2492 624 2559 Ionicos

91 2588 217 2649 matura
239 2585 332 2670 virgo
356 2583 547 2670 attingitur
570 2582 692 2647 artibus

135 2673 200 2737 iam
222 2693 309 2737 nunc
331 2677 364 2737 et
386 2674 525 2738 incestos
549 2694 673 2737 amores

183 2762 221 2827 de
244 2766 354 2827 tenero
377 2762 552 2826 meditatur
574 2762 686 2848 ungui.

39 2919 199 2990 pann
255 2919 407 2991 ΘιιιΦ

39 3059 436 3133 (muneremunere
453 3064 529 3132 Verp
540 3067 665 3132 peor9.,1
684 3066 782 3131 5021).
798 3065 856 3116 884
873 3061 976 3163 Hopca

39 3134 206 3204 ιιιιι))οι(εθε
232 3133 262 3187 F
287 3135 384 3188 lemma
411 3134 523 3202 Porpb„
555 3135 632 3202 mon(
623 3135 728 3204 ((a)ess)
728 3133 790 3202 is(
781 3132 824 3202 (de
851 3131 893 3186 R¹
918 3148 976 3186 coa

39 3200 152 3333 )Θ
206 3204 245 3258 10
263 3221 367 3258 ιιοιι-
382 3205 515 3274 nostris(
506 3207 564 3275 (sic)
584 3207 615 3260 ob
635 3135 765 3258 contudit
778 3205 866 3259 Prisc.
881 3208 924 3270 10,
937 3206 976 3256 25

39 3204 99 3345 b⁶
205 3276 468 3345 inauspicatos,
495 3293 552 3330 non
554 3208 737 3345 )auspicatos
756 3275 794 3348 Q
812 3275 843 3328 E
864 3245 974 3344 (Prisc)

39 3346 172 3503 gasti(
241 3353 352 3402 nostros
371 3349 475 3419 Q,
499 3347 602 3402 nostris
627 3350 736 3418 (Prisc.)
809 3345 846 3401 12
864 3345 976 3401 renidet

79 3390 599 3543 QQronidentfforpb.)14[Q
608 3418 724 3490 ABE]
772 3417 809 3472 15
821 3417 884 3489 [Q
895 3416 975 3488 ΑΕ]

39 3489 125 3545 stibus
142 3491 179 3562 Θ
195 3490 247 3563 Θ,
266 3492 384 3544 artubus
406 3495 428 3545 Φ
448 3493 493 3546 Ps
505 3491 606 3558 Porpb.
