<?xml version="1.0" encoding="UTF-8"?>
<!DOCTYPE html PUBLIC "-//W3C//DTD XHTML 1.0 Transitional//EN"
    "http://www.w3.org/TR/xhtml1/DTD/xhtml1-transitional.dtd">
<html xmlns="http://www.w3.org/1999/xhtml" xml:lang="en" lang="en">
 <head>
  <title>
</title>
<meta http-equiv="Content-Type" content="text/html;charset=utf-8" />
  <meta name='ocr-system' content='tesseract 3.04.00' />
  <meta name='ocr-capabilities' content='ocr_page ocr_carea ocr_par ocr_line ocrx_word'/>
</head>
<body>
  <div class='ocr_page' id='page_1' title='image "./qhoratiflaccica00vollgoog_0035.png"; bbox 0 0 2400 3968; ppageno 0'>
   <div class='ocr_carea' id='block_1_1' title="bbox 423 203 769 259">
    <p class='ocr_par' dir='ltr' id='par_1_1' title="bbox 423 203 769 259">
     <span class='ocr_line' id='line_1_1' title="bbox 423 203 769 259; baseline 0.003 -2"><span class='ocrx_word' id='word_1_1' title='bbox 423 206 426 210; x_wconf 85' lang='grc'>’</span> <span class='ocrx_word' id='word_1_2' title='bbox 522 203 630 258; x_wconf 83' lang='lat' dir='ltr'>OARM.</span> <span class='ocrx_word' id='word_1_3' title='bbox 649 205 664 258; x_wconf 92' lang='lat' dir='ltr'>I</span> <span class='ocrx_word' id='word_1_4' title='bbox 681 210 706 258; x_wconf 85' lang='grc'>9.</span> <span class='ocrx_word' id='word_1_5' title='bbox 727 210 769 259; x_wconf 90' lang='grc'>10.</span> 
     </span>
    </p>
   </div>
   <div class='ocr_carea' id='block_1_2' title="bbox 298 349 899 702">
    <p class='ocr_par' dir='ltr' id='par_1_2' title="bbox 298 349 899 522">
     <span class='ocr_line' id='line_1_2' title="bbox 298 349 899 434; baseline 0.003 -21"><span class='ocrx_word' id='word_1_6' title='bbox 298 349 448 434; x_wconf 76' lang='lat' dir='ltr'>permitte</span> <span class='ocrx_word' id='word_1_7' title='bbox 472 349 555 413; x_wconf 85' lang='lat' dir='ltr'>divis</span> <span class='ocrx_word' id='word_1_8' title='bbox 579 352 697 433; x_wconf 84' lang='lat' dir='ltr'>cetera,</span> <span class='ocrx_word' id='word_1_9' title='bbox 721 349 777 434; x_wconf 89' lang='lat' dir='ltr'>qui</span> <span class='ocrx_word' id='word_1_10' title='bbox 801 350 899 415; x_wconf 89' lang='lat' dir='ltr'>simul</span> 
     </span>
     <span class='ocr_line' id='line_1_3' title="bbox 298 439 883 522; baseline 0.005 -20"><span class='ocrx_word' id='word_1_11' title='bbox 298 442 439 503; x_wconf 86' lang='lat' dir='ltr'>stravere</span> <span class='ocrx_word' id='word_1_12' title='bbox 462 442 575 504; x_wconf 82' lang='lat' dir='ltr'>ventos</span> <span class='ocrx_word' id='word_1_13' title='bbox 597 460 736 522; x_wconf 91' lang='lat' dir='ltr'>aequore</span> <span class='ocrx_word' id='word_1_14' title='bbox 758 439 883 505; x_wconf 81' lang='lat' dir='ltr'>fervido</span> 
     </span>
    </p>

    <p class='ocr_par' dir='ltr' id='par_1_3' title="bbox 344 526 884 702">
     <span class='ocr_line' id='line_1_4' title="bbox 344 526 831 612; baseline 0.006 -23"><span class='ocrx_word' id='word_1_15' title='bbox 344 526 583 611; x_wconf 88' lang='lat' dir='ltr'>deproeliantis,</span> <span class='ocrx_word' id='word_1_16' title='bbox 606 549 665 591; x_wconf 89' lang='lat' dir='ltr'>nec</span> <span class='ocrx_word' id='word_1_17' title='bbox 687 529 831 612; x_wconf 86' lang='lat' dir='ltr'>cupressi</span> 
     </span>
     <span class='ocr_line' id='line_1_5' title="bbox 388 617 884 702; baseline 0.006 -23"><span class='ocrx_word' id='word_1_18' title='bbox 388 635 447 680; x_wconf 90' lang='lat' dir='ltr'>nec</span> <span class='ocrx_word' id='word_1_19' title='bbox 470 621 593 681; x_wconf 85' lang='lat' dir='ltr'>veteres</span> <span class='ocrx_word' id='word_1_20' title='bbox 616 617 781 702; x_wconf 75' lang='lat' dir='ltr'><strong>agitantur</strong></span> <span class='ocrx_word' id='word_1_21' title='bbox 804 618 884 682; x_wconf 90' lang='lat' dir='ltr'>orni.</span> 
     </span>
    </p>
   </div>
   <div class='ocr_carea' id='block_1_3' title="bbox 299 740 1047 1092">
    <p class='ocr_par' dir='ltr' id='par_1_4' title="bbox 299 740 1047 1092">
     <span class='ocr_line' id='line_1_6' title="bbox 299 740 1047 827; baseline 0.001 -22"><span class='ocrx_word' id='word_1_22' title='bbox 299 741 377 827; x_wconf 90' lang='lat' dir='ltr'>quid</span> <span class='ocrx_word' id='word_1_23' title='bbox 400 741 443 804; x_wconf 90' lang='lat' dir='ltr'>sit</span> <span class='ocrx_word' id='word_1_24' title='bbox 465 740 611 804; x_wconf 85' lang='lat' dir='ltr'>futurum</span> <span class='ocrx_word' id='word_1_25' title='bbox 635 763 717 824; x_wconf 85' lang='lat' dir='ltr'>cras,</span> <span class='ocrx_word' id='word_1_26' title='bbox 740 742 817 826; x_wconf 82' lang='lat' dir='ltr'>fuge</span> <span class='ocrx_word' id='word_1_27' title='bbox 840 764 992 825; x_wconf 80' lang='lat' dir='ltr'>quaerere</span> <span class='ocrx_word' id='word_1_28' title='bbox 1015 747 1047 806; x_wconf 91' lang='lat' dir='ltr'>et</span> 
     </span>
     <span class='ocr_line' id='line_1_7' title="bbox 299 828 1046 917; baseline 0.005 -24"><span class='ocrx_word' id='word_1_29' title='bbox 299 852 394 915; x_wconf 86' lang='lat' dir='ltr'>quern</span> <span class='ocrx_word' id='word_1_30' title='bbox 418 829 499 894; x_wconf 82' lang='lat' dir='ltr'>Fors</span> <span class='ocrx_word' id='word_1_31' title='bbox 523 831 646 894; x_wconf 87' lang='lat' dir='ltr'>dierum</span> <span class='ocrx_word' id='word_1_32' title='bbox 670 853 808 914; x_wconf 89' lang='lat' dir='ltr'>cumque</span> <span class='ocrx_word' id='word_1_33' title='bbox 832 830 935 917; x_wconf 82' lang='lat' dir='ltr'>dabit,</span> <span class='ocrx_word' id='word_1_34' title='bbox 958 828 1046 897; x_wconf 88' lang='lat' dir='ltr'>lucro</span> 
     </span>
     <span class='ocr_line' id='line_1_8' title="bbox 342 915 822 1004; baseline 0.002 -22"><span class='ocrx_word' id='word_1_35' title='bbox 342 920 467 1004; x_wconf 82' lang='lat' dir='ltr'>adpone</span> <span class='ocrx_word' id='word_1_36' title='bbox 490 938 548 983; x_wconf 88' lang='lat' dir='ltr'>nec</span> <span class='ocrx_word' id='word_1_37' title='bbox 571 915 673 983; x_wconf 89' lang='lat' dir='ltr'>dulcis</span> <span class='ocrx_word' id='word_1_38' title='bbox 697 939 822 984; x_wconf 88' lang='lat' dir='ltr'>amores</span> 
     </span>
     <span class='ocr_line' id='line_1_9' title="bbox 388 1006 960 1092; baseline 0.002 -21"><span class='ocrx_word' id='word_1_39' title='bbox 388 1029 502 1092; x_wconf 90' lang='lat' dir='ltr'>sperne</span> <span class='ocrx_word' id='word_1_40' title='bbox 525 1029 605 1092; x_wconf 92' lang='lat' dir='ltr'>puer</span> <span class='ocrx_word' id='word_1_41' title='bbox 626 1030 729 1092; x_wconf 91' lang='lat' dir='ltr'>neque</span> <span class='ocrx_word' id='word_1_42' title='bbox 753 1012 789 1071; x_wconf 92' lang='lat' dir='ltr'>tu</span> <span class='ocrx_word' id='word_1_43' title='bbox 813 1006 960 1091; x_wconf 87' lang='lat' dir='ltr'>choreas,</span> 
     </span>
    </p>
   </div>
   <div class='ocr_carea' id='block_1_4' title="bbox 297 1133 945 1484">
    <p class='ocr_par' dir='ltr' id='par_1_5' title="bbox 297 1133 945 1484">
     <span class='ocr_line' id='line_1_10' title="bbox 298 1133 809 1198; baseline 0.006 -3"><span class='ocrx_word' id='word_1_44' title='bbox 298 1133 399 1197; x_wconf 89' lang='lat' dir='ltr'>donec</span> <span class='ocrx_word' id='word_1_45' title='bbox 421 1133 538 1197; x_wconf 88' lang='lat' dir='ltr'>virenti</span> <span class='ocrx_word' id='word_1_46' title='bbox 562 1133 694 1197; x_wconf 74' lang='lat' dir='ltr'>canities</span> <span class='ocrx_word' id='word_1_47' title='bbox 718 1133 809 1198; x_wconf 89' lang='lat' dir='ltr'>abest</span> 
     </span>
     <span class='ocr_line' id='line_1_11' title="bbox 297 1226 945 1305; baseline 0.002 -20"><span class='ocrx_word' id='word_1_48' title='bbox 297 1243 434 1286; x_wconf 90' lang='lat' dir='ltr'>morosa.</span> <span class='ocrx_word' id='word_1_49' title='bbox 478 1243 564 1286; x_wconf 89' lang='lat' dir='ltr'>nunc</span> <span class='ocrx_word' id='word_1_50' title='bbox 588 1226 620 1285; x_wconf 91' lang='lat' dir='ltr'>et</span> <span class='ocrx_word' id='word_1_51' title='bbox 643 1243 774 1305; x_wconf 88' lang='lat' dir='ltr'>campus</span> <span class='ocrx_word' id='word_1_52' title='bbox 798 1226 829 1286; x_wconf 89' lang='lat' dir='ltr'>et</span> <span class='ocrx_word' id='word_1_53' title='bbox 853 1244 945 1286; x_wconf 89' lang='lat' dir='ltr'>areae</span> 
     </span>
     <span class='ocr_line' id='line_1_12' title="bbox 342 1311 873 1394; baseline 0.002 -20"><span class='ocrx_word' id='word_1_54' title='bbox 342 1312 493 1394; x_wconf 83' lang='lat' dir='ltr'>lenesque</span> <span class='ocrx_word' id='word_1_55' title='bbox 517 1311 576 1374; x_wconf 89' lang='lat' dir='ltr'>sub</span> <span class='ocrx_word' id='word_1_56' title='bbox 599 1314 727 1376; x_wconf 90' lang='lat' dir='ltr'>noctem</span> <span class='ocrx_word' id='word_1_57' title='bbox 751 1312 873 1375; x_wconf 80' lang='lat' dir='ltr'>susurri</span> 
     </span>
     <span class='ocr_line' id='line_1_13' title="bbox 388 1400 877 1484; baseline 0.002 -21"><span class='ocrx_word' id='word_1_58' title='bbox 388 1400 554 1483; x_wconf 90' lang='lat' dir='ltr'>conposita</span> <span class='ocrx_word' id='word_1_59' title='bbox 576 1403 762 1484; x_wconf 75' lang='lat' dir='ltr'>repetantur</span> <span class='ocrx_word' id='word_1_60' title='bbox 784 1401 877 1484; x_wconf 88' lang='lat' dir='ltr'>hora,</span> 
     </span>
    </p>
   </div>
   <div class='ocr_carea' id='block_1_5' title="bbox 297 1524 910 1876">
    <p class='ocr_par' dir='ltr' id='par_1_6' title="bbox 297 1524 910 1876">
     <span class='ocr_line' id='line_1_14' title="bbox 297 1524 910 1607; baseline 0.003 -20"><span class='ocrx_word' id='word_1_61' title='bbox 297 1545 383 1587; x_wconf 87' lang='lat' dir='ltr'>nunc</span> <span class='ocrx_word' id='word_1_62' title='bbox 406 1527 438 1588; x_wconf 92' lang='lat' dir='ltr'>et</span> <span class='ocrx_word' id='word_1_63' title='bbox 460 1525 591 1588; x_wconf 91' lang='lat' dir='ltr'>latentis</span> <span class='ocrx_word' id='word_1_64' title='bbox 614 1524 762 1607; x_wconf 86' lang='lat' dir='ltr'>proditor</span> <span class='ocrx_word' id='word_1_65' title='bbox 784 1526 910 1589; x_wconf 88' lang='lat' dir='ltr'>intumo</span> 
     </span>
     <span class='ocr_line' id='line_1_15' title="bbox 299 1613 874 1699; baseline 0.005 -23"><span class='ocrx_word' id='word_1_66' title='bbox 299 1617 411 1699; x_wconf 83' lang='lat' dir='ltr'>gratus</span> <span class='ocrx_word' id='word_1_67' title='bbox 434 1614 560 1697; x_wconf 91' lang='lat' dir='ltr'>puellae</span> <span class='ocrx_word' id='word_1_68' title='bbox 583 1614 667 1677; x_wconf 90' lang='lat' dir='ltr'>risus</span> <span class='ocrx_word' id='word_1_69' title='bbox 691 1615 731 1677; x_wconf 91' lang='lat' dir='ltr'>ab</span> <span class='ocrx_word' id='word_1_70' title='bbox 755 1613 874 1699; x_wconf 83' lang='lat' dir='ltr'>angulo</span> 
     </span>
     <span class='ocr_line' id='line_1_16' title="bbox 342 1701 866 1788; baseline 0.004 -23"><span class='ocrx_word' id='word_1_71' title='bbox 342 1702 523 1788; x_wconf 83' lang='lat' dir='ltr'>pignusque</span> <span class='ocrx_word' id='word_1_72' title='bbox 548 1703 715 1786; x_wconf 89' lang='lat' dir='ltr'>dereptum</span> <span class='ocrx_word' id='word_1_73' title='bbox 738 1701 866 1767; x_wconf 89' lang='lat' dir='ltr'>lacertis</span> 
     </span>
     <span class='ocr_line' id='line_1_17' title="bbox 387 1792 864 1876; baseline 0.002 -22"><span class='ocrx_word' id='word_1_74' title='bbox 387 1795 443 1855; x_wconf 91' lang='lat' dir='ltr'>aut</span> <span class='ocrx_word' id='word_1_75' title='bbox 467 1792 568 1876; x_wconf 82' lang='lat' dir='ltr'>digito</span> <span class='ocrx_word' id='word_1_76' title='bbox 593 1793 675 1855; x_wconf 89' lang='lat' dir='ltr'>male</span> <span class='ocrx_word' id='word_1_77' title='bbox 697 1793 864 1875; x_wconf 90' lang='lat' dir='ltr'>pertinaci.</span> 
     </span>
    </p>
   </div>
   <div class='ocr_carea' id='block_1_6' title="bbox 626 2059 665 2123">
    <p class='ocr_par' dir='ltr' id='par_1_7' title="bbox 626 2059 665 2123">
     <span class='ocr_line' id='line_1_18' title="bbox 626 2059 665 2123; baseline 0.026 -1"><span class='ocrx_word' id='word_1_78' title='bbox 626 2059 665 2123; x_wconf 88' lang='lat' dir='ltr'>X.</span> 
     </span>
    </p>
   </div>
   <div class='ocr_carea' id='block_1_7' title="bbox 341 2164 1034 2517">
    <p class='ocr_par' dir='ltr' id='par_1_8' title="bbox 341 2164 943 2250">
     <span class='ocr_line' id='line_1_19' title="bbox 341 2164 943 2250; baseline 0.005 -23"><span class='ocrx_word' id='word_1_79' title='bbox 341 2164 481 2229; x_wconf 90' lang='lat' dir='ltr'>Mercuri</span> <span class='ocrx_word' id='word_1_80' title='bbox 503 2165 639 2230; x_wconf 86' lang='lat' dir='ltr'>facunde</span> <span class='ocrx_word' id='word_1_81' title='bbox 661 2188 762 2250; x_wconf 88' lang='lat' dir='ltr'>nepos</span> <span class='ocrx_word' id='word_1_82' title='bbox 786 2164 943 2248; x_wconf 85' lang='lat' dir='ltr'>Atlantis,</span> 
     </span>
    </p>

    <p class='ocr_par' dir='ltr' id='par_1_9' title="bbox 343 2253 1017 2336">
     <span class='ocr_line' id='line_1_20' title="bbox 343 2253 1017 2336; baseline 0.006 -20"><span class='ocrx_word' id='word_1_83' title='bbox 343 2253 399 2336; x_wconf 92' lang='lat' dir='ltr'>qui</span> <span class='ocrx_word' id='word_1_84' title='bbox 422 2253 508 2318; x_wconf 87' lang='lat' dir='ltr'>feros</span> <span class='ocrx_word' id='word_1_85' title='bbox 531 2255 637 2319; x_wconf 88' lang='lat' dir='ltr'>cultus</span> <span class='ocrx_word' id='word_1_86' title='bbox 660 2253 829 2321; x_wconf 86' lang='lat' dir='ltr'>hominurn</span> <span class='ocrx_word' id='word_1_87' title='bbox 852 2259 1017 2320; x_wconf 92' lang='lat' dir='ltr'>recentum</span> 
     </span>
    </p>

    <p class='ocr_par' dir='ltr' id='par_1_10' title="bbox 342 2343 1034 2517">
     <span class='ocr_line' id='line_1_21' title="bbox 342 2343 1034 2428; baseline 0.004 -24"><span class='ocrx_word' id='word_1_88' title='bbox 342 2364 419 2408; x_wconf 87' lang='lat' dir='ltr'>voce</span> <span class='ocrx_word' id='word_1_89' title='bbox 441 2343 590 2408; x_wconf 85' lang='lat' dir='ltr'>formasti</span> <span class='ocrx_word' id='word_1_90' title='bbox 613 2349 703 2409; x_wconf 91' lang='lat' dir='ltr'>catus</span> <span class='ocrx_word' id='word_1_91' title='bbox 727 2348 759 2408; x_wconf 90' lang='lat' dir='ltr'>et</span> <span class='ocrx_word' id='word_1_92' title='bbox 783 2345 915 2410; x_wconf 81' lang='lat' dir='ltr'>decorae</span> <span class='ocrx_word' id='word_1_93' title='bbox 1030 2419 1034 2428; x_wconf 33' lang='grc' dir='ltr'>Ι</span> 
     </span>
     <span class='ocr_line' id='line_1_22' title="bbox 386 2432 689 2517; baseline 0.007 -22"><span class='ocrx_word' id='word_1_94' title='bbox 386 2454 476 2498; x_wconf 90' lang='lat' dir='ltr'>more</span> <span class='ocrx_word' id='word_1_95' title='bbox 498 2432 689 2517; x_wconf 84' lang='lat' dir='ltr'>palaestrae,</span> 
     </span>
    </p>
   </div>
   <div class='ocr_carea' id='block_1_8' title="bbox 341 2556 1008 2889">
    <p class='ocr_par' dir='ltr' id='par_1_11' title="bbox 343 2556 979 2642">
     <span class='ocr_line' id='line_1_23' title="bbox 343 2556 979 2642; baseline 0.003 -23"><span class='ocrx_word' id='word_1_96' title='bbox 343 2561 374 2619; x_wconf 93' lang='lat' dir='ltr'>te</span> <span class='ocrx_word' id='word_1_97' title='bbox 398 2579 523 2641; x_wconf 80' lang='lat' dir='ltr'>canam,</span> <span class='ocrx_word' id='word_1_98' title='bbox 547 2557 656 2642; x_wconf 82' lang='lat' dir='ltr'>magni</span> <span class='ocrx_word' id='word_1_99' title='bbox 679 2556 767 2623; x_wconf 83' lang='lat' dir='ltr'>lovis</span> <span class='ocrx_word' id='word_1_100' title='bbox 791 2562 824 2623; x_wconf 93' lang='lat' dir='ltr'>et</span> <span class='ocrx_word' id='word_1_101' title='bbox 846 2559 979 2623; x_wconf 90' lang='lat' dir='ltr'>deorum</span> 
     </span>
    </p>

    <p class='ocr_par' dir='ltr' id='par_1_12' title="bbox 341 2647 1008 2732">
     <span class='ocr_line' id='line_1_24' title="bbox 341 2647 1008 2732; baseline 0.003 -23"><span class='ocrx_word' id='word_1_102' title='bbox 341 2647 492 2709; x_wconf 88' lang='lat' dir='ltr'>nuntium</span> <span class='ocrx_word' id='word_1_103' title='bbox 516 2668 694 2729; x_wconf 82' lang='lat' dir='ltr'>curvaeque</span> <span class='ocrx_word' id='word_1_104' title='bbox 717 2647 806 2730; x_wconf 84' lang='lat' dir='ltr'>lyrae</span> <span class='ocrx_word' id='word_1_105' title='bbox 828 2650 1008 2732; x_wconf 83' lang='lat' dir='ltr'>parentem,</span> 
     </span>
    </p>

    <p class='ocr_par' dir='ltr' id='par_1_13' title="bbox 342 2735 981 2889">
     <span class='ocr_line' id='line_1_25' title="bbox 342 2735 981 2821; baseline 0.006 -24"><span class='ocrx_word' id='word_1_106' title='bbox 342 2735 509 2818; x_wconf 79' lang='lat' dir='ltr'>callidum,</span> <span class='ocrx_word' id='word_1_107' title='bbox 533 2735 691 2818; x_wconf 91' lang='lat' dir='ltr'>quidquid</span> <span class='ocrx_word' id='word_1_108' title='bbox 712 2737 848 2821; x_wconf 86' lang='lat' dir='ltr'>placuit,</span> <span class='ocrx_word' id='word_1_109' title='bbox 871 2736 981 2801; x_wconf 87' lang='lat' dir='ltr'>iocoso</span> 
     </span>
     <span class='ocr_line' id='line_1_26' title="bbox 388 2825 642 2889; baseline 0.004 -2"><span class='ocrx_word' id='word_1_110' title='bbox 388 2825 523 2888; x_wconf 88' lang='lat' dir='ltr'>condere</span> <span class='ocrx_word' id='word_1_111' title='bbox 545 2825 642 2889; x_wconf 84' lang='lat' dir='ltr'>furto.</span> 
     </span>
    </p>
   </div>
   <div class='ocr_carea' id='block_1_9' title="bbox 208 2925 585 3035">
    <p class='ocr_par' dir='ltr' id='par_1_14' title="bbox 208 2925 585 3035">
     <span class='ocr_line' id='line_1_27' title="bbox 208 2925 585 3035; baseline 0 -18"><span class='ocrx_word' id='word_1_112' title='bbox 208 2963 380 3033; x_wconf 72' lang='grc' dir='ltr'><strong><em>ΘεΑΒΕ</em></strong></span> <span class='ocrx_word' id='word_1_113' title='bbox 448 2925 585 3035; x_wconf 69' lang='grc' dir='ltr'>ΘτΒΦ</span> 
     </span>
    </p>
   </div>
   <div class='ocr_carea' id='block_1_10' title="bbox 136 3087 1155 3655">
    <p class='ocr_par' dir='ltr' id='par_1_15' title="bbox 136 3087 1155 3304">
     <span class='ocr_line' id='line_1_28' title="bbox 210 3087 1155 3156; baseline 0.002 -16"><span class='ocrx_word' id='word_1_114' title='bbox 210 3087 247 3140; x_wconf 79' lang='lat'>13</span> <span class='ocrx_word' id='word_1_115' title='bbox 267 3090 299 3142; x_wconf 84' lang='lat' dir='ltr'>ob</span> <span class='ocrx_word' id='word_1_116' title='bbox 317 3092 478 3143; x_wconf 63' lang='lat' dir='ltr'>renuntiem</span> <span class='ocrx_word' id='word_1_117' title='bbox 496 3090 575 3143; x_wconf 79' lang='lat' dir='ltr'>schol.</span> <span class='ocrx_word' id='word_1_118' title='bbox 592 3089 661 3142; x_wconf 76' lang='lat' dir='ltr'>Stat.</span> <span class='ocrx_word' id='word_1_119' title='bbox 680 3089 762 3142; x_wconf 83' lang='lat' dir='ltr'>Theb.</span> <span class='ocrx_word' id='word_1_120' title='bbox 778 3094 804 3156; x_wconf 85' lang='lat'>3,</span> <span class='ocrx_word' id='word_1_121' title='bbox 820 3094 876 3143; x_wconf 83' lang='lat'>562</span> <span class='ocrx_word' id='word_1_122' title='bbox 949 3090 984 3143; x_wconf 76' lang='grc'>17</span> <span class='ocrx_word' id='word_1_123' title='bbox 1006 3089 1100 3143; x_wconf 88' lang='lat' dir='ltr'>Donec</span> <span class='ocrx_word' id='word_1_124' title='bbox 1118 3108 1155 3126; x_wconf 45' lang='grc' dir='ltr'><em>κ</em></span> 
     </span>
     <span class='ocr_line' id='line_1_29' title="bbox 136 3159 1152 3228; baseline 0.002 -17"><span class='ocrx_word' id='word_1_125' title='bbox 136 3173 247 3212; x_wconf 85' lang='lat' dir='ltr'>morosa</span> <span class='ocrx_word' id='word_1_126' title='bbox 275 3161 306 3213; x_wconf 85' lang='lat' dir='ltr'>ob</span> <span class='ocrx_word' id='word_1_127' title='bbox 339 3175 449 3213; x_wconf 90' lang='lat' dir='ltr'>morosa</span> <span class='ocrx_word' id='word_1_128' title='bbox 476 3161 556 3214; x_wconf 82' lang='lat' dir='ltr'>habet</span> <span class='ocrx_word' id='word_1_129' title='bbox 582 3161 687 3213; x_wconf 85' lang='lat' dir='ltr'>Donat.</span> <span class='ocrx_word' id='word_1_130' title='bbox 720 3162 777 3214; x_wconf 83' lang='lat' dir='ltr'>Ter.</span> <span class='ocrx_word' id='word_1_131' title='bbox 807 3162 873 3215; x_wconf 87' lang='lat' dir='ltr'>Hec.</span> <span class='ocrx_word' id='word_1_132' title='bbox 902 3166 928 3227; x_wconf 90' lang='lat'>3,</span> <span class='ocrx_word' id='word_1_133' title='bbox 957 3166 982 3228; x_wconf 87' lang='lat'>5,</span> <span class='ocrx_word' id='word_1_134' title='bbox 1010 3166 1048 3216; x_wconf 80' lang='lat'>28</span> <span class='ocrx_word' id='word_1_135' title='bbox 1076 3159 1152 3228; x_wconf 70' lang='lat'><em>(4737</em></span> 
     </span>
     <span class='ocr_line' id='line_1_30' title="bbox 138 3229 1110 3304; baseline 0.004 -22"><span class='ocrx_word' id='word_1_136' title='bbox 138 3229 187 3284; x_wconf 71' lang='lat'>21.</span> <span class='ocrx_word' id='word_1_137' title='bbox 207 3229 244 3283; x_wconf 71' lang='lat'>22</span> <span class='ocrx_word' id='word_1_138' title='bbox 264 3231 369 3284; x_wconf 81' lang='lat' dir='ltr'>obrem</span> <span class='ocrx_word' id='word_1_139' title='bbox 389 3232 462 3285; x_wconf 82' lang='lat' dir='ltr'>Sere.</span> <span class='ocrx_word' id='word_1_140' title='bbox 478 3233 535 3285; x_wconf 78' lang='lat' dir='ltr'>buc.</span> <span class='ocrx_word' id='word_1_141' title='bbox 552 3237 577 3296; x_wconf 82' lang='lat'>3,</span> <span class='ocrx_word' id='word_1_142' title='bbox 593 3236 628 3284; x_wconf 85' lang='grc'>65</span> <span class='ocrx_word' id='word_1_143' title='bbox 702 3230 738 3284; x_wconf 76' lang='lat'>21</span> <span class='ocrx_word' id='word_1_144' title='bbox 758 3232 867 3285; x_wconf 90' lang='lat' dir='ltr'>intumo</span> <span class='ocrx_word' id='word_1_145' title='bbox 886 3232 935 3304; x_wconf 65' lang='grc' dir='ltr'>Θ,</span> <span class='ocrx_word' id='word_1_146' title='bbox 955 3232 1056 3286; x_wconf 87' lang='lat' dir='ltr'>intimo</span> <span class='ocrx_word' id='word_1_147' title='bbox 1074 3233 1110 3303; x_wconf 64' lang='lat' dir='ltr'>G)</span> 
     </span>
    </p>

    <p class='ocr_par' dir='ltr' id='par_1_16' title="bbox 137 3301 1150 3655">
     <span class='ocr_line' id='line_1_31' title="bbox 210 3301 1148 3373; baseline 0.002 -19"><span class='ocrx_word' id='word_1_148' title='bbox 210 3301 276 3372; x_wconf 87' lang='lat'>10‚1</span> <span class='ocrx_word' id='word_1_149' title='bbox 293 3301 341 3371; x_wconf 67' lang='grc' dir='ltr'>[Θ</span> <span class='ocrx_word' id='word_1_150' title='bbox 351 3302 521 3373; x_wconf 74' lang='grc' dir='ltr'><strong><em>εΑΒΒΕ]</em></strong></span> <span class='ocrx_word' id='word_1_151' title='bbox 559 3303 575 3356; x_wconf 95' lang='lat' dir='ltr'>l</span> <span class='ocrx_word' id='word_1_152' title='bbox 591 3303 623 3356; x_wconf 84' lang='lat' dir='ltr'>ob</span> <span class='ocrx_word' id='word_1_153' title='bbox 638 3319 692 3356; x_wconf 81' lang='lat' dir='ltr'>voc.</span> <span class='ocrx_word' id='word_1_154' title='bbox 703 3302 824 3356; x_wconf 86' lang='lat' dir='ltr'>Mercuri</span> <span class='ocrx_word' id='word_1_155' title='bbox 834 3305 921 3357; x_wconf 80' lang='lat' dir='ltr'>Prisc.</span> <span class='ocrx_word' id='word_1_156' title='bbox 934 3308 958 3370; x_wconf 80' lang='lat'>7,</span> <span class='ocrx_word' id='word_1_157' title='bbox 970 3309 1005 3358; x_wconf 82' lang='lat'>18</span> <span class='ocrx_word' id='word_1_158' title='bbox 1013 3322 1044 3373; x_wconf 79' lang='lat' dir='ltr'>p.</span> <span class='ocrx_word' id='word_1_159' title='bbox 1055 3304 1148 3370; x_wconf 73' lang='lat'><strong><em>302,9,</em></strong></span> 
     </span>
     <span class='ocr_line' id='line_1_32' title="bbox 138 3371 1148 3442; baseline 0.001 -16"><span class='ocrx_word' id='word_1_160' title='bbox 138 3373 171 3426; x_wconf 86' lang='lat' dir='ltr'>ob</span> <span class='ocrx_word' id='word_1_161' title='bbox 188 3389 244 3426; x_wconf 84' lang='lat' dir='ltr'>rem</span> <span class='ocrx_word' id='word_1_162' title='bbox 260 3371 332 3427; x_wconf 75' lang='lat' dir='ltr'>Sero.</span> <span class='ocrx_word' id='word_1_163' title='bbox 348 3373 417 3425; x_wconf 83' lang='lat' dir='ltr'>Aea.</span> <span class='ocrx_word' id='word_1_164' title='bbox 434 3379 458 3438; x_wconf 87' lang='lat'>1,</span> <span class='ocrx_word' id='word_1_165' title='bbox 478 3379 541 3439; x_wconf 80' lang='lat'><em>520,</em></span> <span class='ocrx_word' id='word_1_166' title='bbox 566 3375 647 3427; x_wconf 83' lang='lat' dir='ltr'>cerba</span> <span class='ocrx_word' id='word_1_167' title='bbox 666 3373 703 3427; x_wconf 89' lang='lat' dir='ltr'>M.</span> <span class='ocrx_word' id='word_1_168' title='bbox 718 3373 737 3427; x_wconf 85' lang='lat' dir='ltr'>f.</span> <span class='ocrx_word' id='word_1_169' title='bbox 752 3373 825 3428; x_wconf 72' lang='lat' dir='ltr'>idem</span> <span class='ocrx_word' id='word_1_170' title='bbox 843 3378 869 3439; x_wconf 83' lang='grc'>4,</span> <span class='ocrx_word' id='word_1_171' title='bbox 889 3380 942 3429; x_wconf 88' lang='grc'>558</span> <span class='ocrx_word' id='word_1_172' title='bbox 1014 3375 1032 3428; x_wconf 73' lang='lat'>2</span> <span class='ocrx_word' id='word_1_173' title='bbox 1052 3374 1102 3442; x_wconf 88' lang='lat' dir='ltr'>qui</span> <span class='ocrx_word' id='word_1_174' title='bbox 1118 3402 1148 3413; x_wconf 92' lang='lat'>-</span> 
     </span>
     <span class='ocr_line' id='line_1_33' title="bbox 137 3441 1149 3514; baseline 0.005 -19"><span class='ocrx_word' id='word_1_175' title='bbox 137 3442 283 3496; x_wconf 89' lang='lat' dir='ltr'>hominum</span> <span class='ocrx_word' id='word_1_176' title='bbox 297 3444 329 3497; x_wconf 88' lang='lat' dir='ltr'>ob</span> <span class='ocrx_word' id='word_1_177' title='bbox 344 3441 435 3496; x_wconf 87' lang='lat' dir='ltr'>cultus</span> <span class='ocrx_word' id='word_1_178' title='bbox 451 3447 551 3514; x_wconf 79' lang='lat' dir='ltr'>Porplr.</span> <span class='ocrx_word' id='word_1_179' title='bbox 562 3462 637 3499; x_wconf 84' lang='lat' dir='ltr'>serm.</span> <span class='ocrx_word' id='word_1_180' title='bbox 652 3449 680 3510; x_wconf 78' lang='lat'>2,</span> <span class='ocrx_word' id='word_1_181' title='bbox 694 3450 721 3510; x_wconf 77' lang='lat'>2,</span> <span class='ocrx_word' id='word_1_182' title='bbox 737 3451 773 3500; x_wconf 82' lang='lat'>66</span> <span class='ocrx_word' id='word_1_183' title='bbox 826 3445 844 3498; x_wconf 78' lang='lat'><strong>3</strong></span> <span class='ocrx_word' id='word_1_184' title='bbox 860 3448 939 3498; x_wconf 90' lang='lat' dir='ltr'>catus</span> <span class='ocrx_word' id='word_1_185' title='bbox 954 3478 981 3485; x_wconf 96' lang='lat'><em>-</em></span> <span class='ocrx_word' id='word_1_186' title='bbox 994 3444 1149 3514; x_wconf 72' lang='lat' dir='ltr'>palaestrae</span> 
     </span>
     <span class='ocr_line' id='line_1_34' title="bbox 138 3515 1150 3585; baseline 0.001 -17"><span class='ocrx_word' id='word_1_187' title='bbox 138 3516 170 3568; x_wconf 85' lang='lat' dir='ltr'>ob</span> <span class='ocrx_word' id='word_1_188' title='bbox 188 3533 244 3569; x_wconf 82' lang='lat' dir='ltr'>rem</span> <span class='ocrx_word' id='word_1_189' title='bbox 262 3515 334 3569; x_wconf 80' lang='lat' dir='ltr'>Sero.</span> <span class='ocrx_word' id='word_1_190' title='bbox 351 3517 419 3569; x_wconf 80' lang='lat' dir='ltr'>Aea.</span> <span class='ocrx_word' id='word_1_191' title='bbox 435 3519 460 3581; x_wconf 78' lang='grc'>4,</span> <span class='ocrx_word' id='word_1_192' title='bbox 480 3520 533 3570; x_wconf 83' lang='grc'>559</span> <span class='ocrx_word' id='word_1_193' title='bbox 552 3524 577 3570; x_wconf 82' lang='lat' dir='ltr'>et</span> <span class='ocrx_word' id='word_1_194' title='bbox 594 3519 653 3570; x_wconf 73' lang='lat' dir='ltr'>sine</span> <span class='ocrx_word' id='word_1_195' title='bbox 676 3520 756 3570; x_wconf 85' lang='lat' dir='ltr'>catus</span> <span class='ocrx_word' id='word_1_196' title='bbox 774 3517 854 3571; x_wconf 76' lang='lat' dir='ltr'>eclrol.</span> <span class='ocrx_word' id='word_1_197' title='bbox 870 3517 939 3572; x_wconf 83' lang='lat' dir='ltr'>Stat.</span> <span class='ocrx_word' id='word_1_198' title='bbox 958 3519 1041 3572; x_wconf 75' lang='lat' dir='ltr'>Theb.</span> <span class='ocrx_word' id='word_1_199' title='bbox 1058 3523 1084 3585; x_wconf 87' lang='grc'>6,</span> <span class='ocrx_word' id='word_1_200' title='bbox 1098 3518 1150 3571; x_wconf 81' lang='grc'>833</span> 
     </span>
     <span class='ocr_line' id='line_1_35' title="bbox 141 3585 869 3655; baseline 0.005 -17"><span class='ocrx_word' id='word_1_201' title='bbox 141 3585 168 3640; x_wconf 84' lang='lat'>7.</span> <span class='ocrx_word' id='word_1_202' title='bbox 184 3585 201 3639; x_wconf 87' lang='lat'><em>8</em></span> <span class='ocrx_word' id='word_1_203' title='bbox 221 3588 253 3641; x_wconf 91' lang='lat' dir='ltr'>ob</span> <span class='ocrx_word' id='word_1_204' title='bbox 272 3588 324 3652; x_wconf 80' lang='lat' dir='ltr'>inf.</span> <span class='ocrx_word' id='word_1_205' title='bbox 340 3587 441 3655; x_wconf 74' lang='lat' dir='ltr'>Porph.</span> <span class='ocrx_word' id='word_1_206' title='bbox 457 3604 539 3641; x_wconf 83' lang='lat' dir='ltr'>carm.</span> <span class='ocrx_word' id='word_1_207' title='bbox 554 3594 580 3654; x_wconf 89' lang='lat'>1,</span> <span class='ocrx_word' id='word_1_208' title='bbox 599 3592 643 3654; x_wconf 82' lang='lat'>12,</span> <span class='ocrx_word' id='word_1_209' title='bbox 663 3593 705 3641; x_wconf 87' lang='lat'>11.</span> <span class='ocrx_word' id='word_1_210' title='bbox 724 3594 751 3654; x_wconf 84' lang='lat'>1,</span> <span class='ocrx_word' id='word_1_211' title='bbox 769 3592 815 3655; x_wconf 79' lang='lat'>24,</span> <span class='ocrx_word' id='word_1_212' title='bbox 834 3594 869 3642; x_wconf 88' lang='grc'>17</span> 
     </span>
    </p>
   </div>
   <div class='ocr_carea' id='block_1_11' title="bbox 0 0 1210 3968">
    <p class='ocr_par' dir='ltr' id='par_1_17' title="bbox 0 0 1210 3968">
     <span class='ocr_line' id='line_1_36' title="bbox 0 0 1210 3968; baseline 0 0"><span class='ocrx_word' id='word_1_213' title='bbox 0 0 1210 3968; x_wconf 95' lang='lat' dir='ltr'> </span> 
     </span>
    </p>
   </div>
  </div>
 </body>
</html>
