2400 3968
357 220 470 281 EPOD..
483 226 507 275 2.
528 227 552 275 3.

119 367 196 431 haec
218 366 275 430 ubi
297 366 426 431 locutus
449 368 630 432 faenerator
655 365 776 454 Alfius,

162 456 227 519 iam
250 456 314 520 iam
337 457 467 520 futurus
491 456 644 540 rusticus,

118 567 245 610 omnem
269 545 393 630 redegit
415 544 523 609 idibus
545 546 729 631 pecuniam,

161 634 287 717 quaerit
310 633 455 698 kalendis
478 655 605 717 ponere.

441 969 498 1036 III.

116 1098 262 1162 Parentis
286 1097 364 1162 olim
389 1097 493 1180 siquis
516 1097 606 1180 inpia
628 1120 727 1161 manu

161 1186 261 1252 senile
284 1190 398 1271 guttur
419 1187 566 1271 fregerit,

116 1276 182 1339 edit
206 1275 319 1340 cicutis
343 1275 444 1338 alium
466 1275 644 1340 nocentius,

161 1388 180 1429 o
204 1366 284 1428 dura
306 1386 486 1429 messorum
510 1365 574 1429 ilia.

116 1454 194 1538 quid
216 1453 279 1518 hoc
300 1453 416 1518 veneni
440 1455 542 1518 saevit
565 1454 598 1516 in
621 1454 841 1537 praecordiis?
967 1482 978 1519 1

161 1566 238 1607 num
261 1542 426 1628 viperinus
449 1542 501 1607 his
525 1564 620 1607 cruor

116 1633 262 1697 incoctus
285 1631 394 1696 herbis
417 1655 469 1697 me
491 1631 631 1697 fefellit?
654 1653 696 1696 an
719 1630 821 1695 malas

162 1721 295 1787 Canidia
317 1722 470 1786 tractavit
494 1720 613 1805 dapes?

115 1816 151 1875 ut
174 1810 381 1896 Argonautas
403 1815 531 1894 praeter
555 1809 660 1874 omnis
684 1809 854 1873 candidum

159 1900 272 1964 Medea
294 1899 410 1963 mirata
434 1902 483 1963 est
505 1899 632 1983 ducem,
954 1926 979 1965 ιο

115 1989 228 2075 ignota
249 1989 352 2053 tauris
378 1988 590 2073 inligaturum
614 1988 691 2073 iuga

159 2079 310 2162 perunxit
333 2078 395 2143 hoc
418 2075 579 2161 Iasonem,

114 2167 176 2231 hoc
200 2166 352 2232 delibutis
375 2167 444 2232 ulta
468 2167 561 2232 donis
584 2165 739 2250 paelicem

162 2261 307 2340 serpente
330 2257 416 2342 fugit
439 2256 524 2321 alite.

115 2367 174 2409 nec
197 2350 306 2409 tantus
330 2366 486 2428 umquam
510 2345 650 2408 siderum
673 2343 790 2408 insedit
813 2366 913 2427 vapor
954 2371 977 2411 11

160 2434 344 2499 siticulosae
367 2432 505 2517 Apuliae

115 2545 174 2587 nec
197 2545 314 2587 munus
337 2523 458 2587 umeris
481 2523 620 2586 efficacis
643 2521 792 2586 Herculis

160 2614 274 2676 inarsit
297 2611 484 2676 aestuosius.

116 2705 148 2765 at
172 2702 279 2785 siquid
302 2723 457 2783 umquam
481 2700 545 2764 tale
569 2698 803 2784 concupiveris,

159 2789 265 2855 iocose
288 2789 466 2872 Maecenas,
489 2810 615 2872 precor,
951 2815 977 2854 ao

115 2901 246 2942 manum
268 2879 376 2962 puella
399 2880 486 2944 savio
511 2882 653 2962 opponat
676 2882 746 2960 tuo,

160 2974 301 3033 extrema
325 2972 356 3031 91
379 2969 413 3030 in
436 2967 560 3052 sponda
583 2967 686 3031 cubet.

78 3146 155 3198 :nc
224 3143 360 3215 (ano

79 3305 91 3359 l
113 3305 303 3428 [ῶιΑΒΟᾹ
374 3302 393 3356 3
412 3303 480 3356 Edit
497 3303 534 3373 G)
551 3302 589 3374 Q}
607 3303 712 3356 Beana.
733 3302 845 3370 Porph,
865 3299 940 3354 Edat
959 3318 976 3361 ς

79 3377 155 3448 Ae]
266 3375 283 3428 2
330 3375 423 3428 iocose
446 3375 482 3444 (D
504 3374 542 3446 Qr)
560 3375 673 3442 Porpt,
700 3374 796 3426 iocosa
821 3373 976 3428 Markland

84 3450 117 3504 ob
136 3465 192 3503 rem
210 3448 312 3518 allegat
330 3447 431 3515 Porpla.
447 3447 523 3515 epod.
540 3450 582 3513 14,
598 3451 632 3500 13

388 3629 547 3636 ——-———-.
