2400 3968
323 106 432 161 CARM.
449 108 475 160 Π
495 114 536 162 18.

100 257 138 316 tu
162 253 297 317 secanda
319 274 480 317 marmora

146 341 235 406 locos
258 341 317 406 sub
342 344 448 426 ipsum
471 343 568 407 funus
591 347 625 407 et
648 342 785 426 sepulcri
869 418 872 422 ¹

101 431 261 495 inmemor
283 433 381 495 struis
405 431 518 496 domos

148 520 309 603 murisque
332 519 407 584 Bois
431 521 647 605 obstrepentis
670 543 766 608 urges

102 698 294 763 submovere
316 697 428 781 litora,

147 809 261 870 purum
284 786 428 871 locuples
451 788 636 853 continente
658 788 742 874 ripa3

103 876 182 959 quid
204 876 292 959 quod
314 898 416 960 usque
438 878 603 960 proximos

147 964 273 1029 revellis
297 967 367 1051 agri
391 967 546 1032 terminos
569 970 602 1031 et
624 965 710 1031 ultra

101 1143 223 1207 limites
247 1143 413 1208 clientium

148 1231 223 1298 salis
246 1233 382 1298 avarus?
427 1232 559 1316 pellitur
580 1237 731 1317 paternos

103 1322 138 1385 in
161 1323 234 1386 sinu
255 1322 361 1386 ferens
386 1321 461 1388 deos

147 1415 179 1474 et
201 1432 285 1475 uxor
307 1415 339 1476 et
361 1410 412 1475 vir
434 1411 644 1496 sordidosque
666 1416 769 1477 natos.

103 1587 193 1652 nulla
215 1589 333 1653 certior
355 1593 464 1654 tomen

146 1677 271 1781 rapacis
295 1676 370 1743 Orci
393 1677 467 1742 sede
490 1678 650 1744 destinata

102 1765 480 1940 lullullnlrlllelplritlniillrle
501 1856 629 1920 tendis?
675 1878 777 1941 sequa
798 1855 895 1921 tellus

101 2033 236 2118 pauperi
258 2033 435 2100 recluditur

146 2144 323 2224 regumque
346 2123 454 2206 pueris
477 2144 536 2188 nec
560 2102 687 2188 satelles
712 2122 787 2188 Orci

103 2211 523 2386 calllellinitllrrrlrllielllplus3
546 2301 601 2367 hic
624 2301 797 2385 superbum

100 2478 274 2544 Tantalum
297 2483 394 2562 etque
417 2479 545 2544 Tantali

146 2590 248 2655 genus
272 2573 409 2652 coercet,
432 2569 487 2632 hic
508 2567 614 2633 levare
637 2569 785 2634 functum

99 2679 274 2742 pauperem
296 2656 462 2723 laboribus

128 2751 261 2812 vocatus
285 2751 382 2830 atque
404 2768 470 2811 non
493 2751 626 2812 vocatus
649 2747 747 2811 audit.

62 2939 227 2998 ,ΑΒΜ
296 2939 433 3012 ΘΜ

54 3098 129 3152 -ce
156 3077 352 3171 [wne]
444 3098 482 3154 ss
501 3099 619 3154 nimius
637 3101 674 3171 (p
691 3101 741 3172 pp,
768 3099 901 3154 iimitem
919 3101 963 3154 ex

53 3169 117 3222 fitur
131 3201 165 3210 -
180 3171 247 3224 deos
266 3173 298 3226 ob
316 3172 478 3226 senteutiam
492 3171 564 3227 Seru.
579 3173 649 3226 Aeo.
666 3177 693 3239 6,
708 3176 763 3227 609
833 3170 871 3225 29
887 3170 960 3226 Sero.

65 3245 120 3296 152
138 3242 299 3311 sepulcrum
317 3241 398 3296 sedes
415 3243 544 3297 vocatur:
564 3242 698 3297 Horatius
719 3241 809 3297 ‘nulls
823 3273 856 3282 -
871 3243 959 3295 erum'

53 3327 72 3384 ‚e
95 3312 169 3368 Sero.
194 3315 284 3381 (schol.
310 3313 415 3382 osup),
444 3313 499 3369 fine
521 3315 558 3385 Θ
579 3314 629 3386 Θ,
660 3314 838 3384 ‘Porphprr‘o’
862 3330 962 3383 auceps

53 3383 120 3438 rexit
137 3384 174 3454 Θ
191 3384 241 3456 Θ,
264 3384 421 3454 Reui(n)xit
440 3389 463 3440 Φ
