2400 3968
479 221 588 277 CARM.
602 223 664 277 1111.
674 229 716 276 11.

268 371 384 432 cuncta
406 369 539 434 festinat
562 390 690 453 manus,
713 369 778 432 huc
801 373 834 434 et
857 367 934 432 illuc

269 457 429 522 cursitant
450 458 571 522 mixtae
593 457 703 542 pueris
726 457 868 542 puellae,
887 483 891 494 ·

269 547 434 611 sordidum
457 547 603 612 flammae
627 547 791 631 trepidant
813 550 954 612 rotantes

311 636 430 700 vertice
453 636 586 701 fumum.

268 782 305 842 ut
328 782 436 842 tamen
458 778 560 860 noris,
584 777 700 862 quibus
724 778 889 843 advoceris

268 867 409 953 gaudiis:
431 866 508 931 Idus
531 866 594 931 tibi
616 871 692 930 sunt
715 867 871 953 agendae,

271 956 326 1040 qui
350 956 418 1020 dies
440 977 582 1021 mensem
605 956 741 1020 Veneris
764 956 905 1022 marinae

312 1045 407 1110 findit
430 1044 590 1130 Aprilem,

268 1187 337 1251 iure
362 1187 526 1252 sollemnis
549 1187 630 1252 mihi
652 1187 858 1273 sanctiorque

268 1299 370 1361 paene
392 1278 493 1341 natali
516 1278 662 1361 proprio,
686 1277 774 1360 quod
797 1299 837 1342 ex
860 1277 918 1341 hac

268 1367 339 1429 lnce
362 1366 529 1431 Maecenas
552 1388 642 1430 meus
666 1366 837 1432 adfluentis

315 1456 442 1519 ordinat
464 1450 574 1519 annos.

173 1654 176 1659 .
271 1596 463 1683 Telephum,
487 1619 583 1682 quem
606 1601 643 1661 tu
665 1599 762 1681 petis,
786 1595 948 1682 occupavit

271 1707 336 1751 non
360 1691 435 1751 tuae
459 1686 555 1751 sortis
579 1687 726 1750 iuvenem
749 1685 859 1771 puella

271 1775 358 1840 dives
381 1779 415 1839 et
437 1774 556 1840 lasciva
578 1779 729 1860 tenetque
752 1780 845 1860 grata

315 1864 467 1949 compede
489 1865 642 1929 vinctum.

270 2010 370 2071 terret
392 2006 561 2071 ambustus
584 2006 755 2072 Phaethon
777 2029 889 2072 avaras

272 2118 345 2180 spes
369 2100 400 2160 et
424 2096 607 2180 exemplum
631 2117 727 2182 grave
750 2094 883 2179 praebet
904 2094 961 2160 ales

271 2185 413 2271 Pegasus
436 2189 599 2249 terrenum
624 2186 764 2270 equitem
788 2187 938 2271 gravatus

315 2273 612 2357 Bellerophontem,

272 2439 398 2500 semper
421 2420 457 2480 ut
480 2420 513 2481 te
536 2416 634 2502 digna
656 2437 790 2500 sequare
813 2420 846 2480 et
869 2417 950 2481 ultra

273 2529 369 2590 quam
392 2505 468 2570 licet
492 2528 619 2589 sperare
642 2506 732 2570 nefas
755 2506 900 2589 putando

274 2594 433 2679 disparem
457 2595 547 2659 vites.
593 2617 652 2680 age
675 2594 753 2678 iam,
776 2617 923 2659 meorum

315 2684 389 2748 finis
413 2706 572 2766 amorum,

272 2823 352 2911 (non
376 2827 462 2891 enim
484 2826 621 2911 posthac
643 2825 707 2889 alia
730 2825 840 2890 calebo

272 2914 407 3002 femina)
431 2916 580 2980 condisce
602 2915 728 2998 modos,
752 2915 888 2979 amanda

272 3025 350 3069 voce
374 3026 454 3089 quos
477 3005 604 3069 reddas:
627 3004 814 3068 minuentur
836 3008 925 3069 atrae

317 3094 457 3158 carmine
481 3115 583 3160 curae.

165 3234 296 3304 (ΜΒ
368 3233 504 3305 (ΜΦ

167 3359 203 3413 11
230 3359 294 3430 [Θι
307 3358 350 3429 Φ]
459 3355 498 3410 24
523 3357 631 3413 Cledou.
651 3375 763 3428 promtu.
784 3358 810 3411 V
825 3362 871 3426 42,
888 3363 926 3414 24
949 3375 1039 3430 compr

96 3430 247 3501 singularis
261 3429 371 3484 numeri
386 3428 458 3482 dixit
473 3445 536 3482 cum
551 3430 588 3482 sit
601 3429 732 3498 pluralis3
747 3430 781 3496 cf.
793 3431 868 3500 epod.
879 3435 933 3498 4,AE
987 3431 1039 3487 uim

94 3501 145 3574 o,
163 3502 271 3556 uictum
288 3501 324 3572 o

524 3631 683 3639 —
