2386 3974
481 198 586 252 SERM.
607 199 675 253 115.

68 345 209 411 abnuere
232 349 264 409 et
285 344 411 408 tabulas
435 367 454 408 a
477 349 510 408 te
532 365 695 408 removere
718 349 893 432 memento,

68 434 116 499 sic
139 439 261 517 tamen,
284 438 321 498 ut
343 433 430 497 limis
453 432 573 518 rapine,
597 434 674 518 quid
697 434 801 517 prima
825 437 963 501 secundo

67 546 140 589 cera
163 523 242 588 velit
264 545 371 608 versu3
395 524 484 588 solus
507 523 658 588 multisne
683 524 827 608 coheres,

67 613 170 677 veloci
193 635 343 696 percurre
367 611 469 676 oculo.
515 612 703 696 plerumque
727 618 872 678 recoctus
1046 640 1072 681 ss

67 703 173 767 scriba
195 724 235 766 ex
259 702 470 786 quinqueviro
495 723 626 767 corvom
649 703 777 767 deludet
800 703 944 768 hiantem

66 796 277 876 captatorque
300 791 391 855 dabit
413 792 496 855 risus
519 790 636 856 Nasica
661 789 807 856 Corano?

67 881 156 946 ‘num
179 881 282 945 furis?
306 903 346 944 an
368 881 506 964 prudens
523 881 609 944 ludis
627 903 680 945 me
699 880 835 945 obscura
854 883 1029 949 canend0?'
1132 890 1134 893 ’

67 972 96 1036 ‘0
120 971 303 1053 Laertiade,
326 970 483 1053 quidquid
507 970 624 1053 dicam,
648 973 704 1033 aut
727 971 788 1035 erit
811 975 967 1037 autnon:

65 1061 209 1125 divinare
232 1060 354 1124 etenim
373 1081 509 1145 magnus
532 1059 614 1122 mihi
637 1059 735 1123 donat
758 1058 897 1144 Apollo?
1045 1089 1071 1128 cc

66 1149 157 1233 ‘quid
179 1153 287 1213 tamen
310 1149 372 1213 ista
394 1148 473 1212 velit
496 1149 558 1213 sibi
580 1148 704 1234 fabula,
728 1149 755 1213 si
779 1149 868 1234 licet,
892 1150 968 1214 cde'

66 1239 223 1323 ‘tempore
247 1260 310 1323 quo
335 1238 459 1302 iuvenis
482 1237 611 1302 Parthis
634 1238 826 1322 horrendus,
848 1239 889 1304 ab
914 1240 980 1306 alto

65 1329 241 1393 demissum
264 1349 366 1412 genus
389 1326 511 1410 Aenea,
534 1326 649 1391 tellure
672 1328 816 1412 marique

65 1440 201 1504 magnus
226 1417 299 1501 erit,
321 1417 399 1481 forti
422 1417 523 1480 nubet
546 1437 680 1500 procera
702 1415 828 1483 Corano

63 1508 133 1571 filia
155 1507 307 1589 Nasicae,
330 1507 502 1571 metuentis
526 1506 655 1570 reddere
680 1506 814 1572 eoldum.
1043 1535 1068 1575 cc

30 1641 34 1649 -
64 1600 135 1660 tum
159 1618 257 1682 gener
279 1596 342 1661 hoc
365 1595 474 1660 faciet:
498 1595 624 1660 tabulas
649 1617 759 1661 socero
784 1597 873 1662 dabit
896 1602 992 1683 atque

63 1690 102 1750 ut
123 1687 212 1771 legat
236 1686 353 1769 orabit,
379 1684 517 1749 multum
541 1684 659 1750 Nasica
682 1690 814 1772 negatas

64 1775 201 1859 accipiet
224 1775 353 1838 tandem
377 1779 409 1838 et
432 1775 549 1839 tacitus
572 1774 659 1860 leget
681 1774 885 1859 invenietque

63 1866 111 1928 nil
134 1863 199 1928 sibi
221 1865 362 1950 legatum
387 1868 513 1948 praeter
536 1865 662 1947 plorare
686 1866 824 1948 suisque.

63 1953 146 2018 illud
168 1954 208 2017 ad
231 1953 310 2018 haec
332 1953 440 2018 iubeo:
465 1955 580 2017 mulier
603 1955 630 2017 si
653 1955 737 2018 forte
761 1954 872 2019 dolosa
1042 1982 1068 2022 vo

62 2043 238 2107 libertusve
262 2065 369 2106 senem
394 2043 529 2107 delirum
553 2041 723 2127 temperet,
747 2044 811 2107 illis

63 2133 195 2197 accedas
219 2133 338 2202 socius:
361 2133 485 2215 laudea,
509 2132 648 2196 lauderis
671 2135 709 2195 ut
732 2133 855 2196 absens.

63 2221 194 2286 adiuvat
216 2222 278 2286 hoc
302 2244 442 2306 quoque,
466 2223 521 2286 sed
544 2223 644 2286 vincit
667 2221 763 2307 longe
787 2222 876 2304 prius
901 2223 1007 2305 ipsum

63 2333 249 2396 expugnare
273 2315 376 2394 caput.
425 2310 542 2375 scribet
565 2309 651 2374 mala
674 2312 816 2374 carmina
838 2332 963 2375 vecors:

61 2400 201 2465 laudato.
251 2404 410 2466 scortator
432 2400 506 2465 erit:
530 2421 606 2464 eave
630 2404 662 2463 te
684 2403 789 2485 roget:
813 2401 899 2464 ultro
1041 2426 1066 2468 vs

61 2489 256 2574 Penelopam
279 2489 383 2553 facilis
406 2490 523 2573 potiori
545 2489 656 2553 trade?
705 2489 865 2572 putasne,

61 2579 193 2664 perduci
216 2579 337 2663 poterit
360 2583 426 2643 tam
449 2579 537 2664 frugi
559 2583 689 2661 tamque
713 2578 842 2663 pudica,

62 2691 158 2752 quam
182 2670 332 2751 nequiere
355 2670 445 2752 proci
468 2671 556 2733 recto
581 2667 739 2751 depellere
763 2668 891 2734 cursu?’

63 2759 163 2822 ‘venit
186 2759 271 2822 enim
296 2780 448 2844 magnum
472 2758 610 2822 donandi
634 2778 731 2842 parca
754 2758 903 2823 iuventus

60 2869 121 2912 nec
143 2851 269 2912 tantum
294 2848 417 2912 veneris
442 2851 597 2931 quantum
622 2847 765 2912 studiosa
788 2848 921 2914 culinae.
1038 2875 1064 2915 sc

132 3024 297 3094 &ann
365 3023 464 3095 cM

133 3166 171 3220 55
190 3167 361 3235 plenumque
385 3168 443 3236 (cic)
464 3197 496 3204 -
515 3165 642 3219 hiantem
661 3169 694 3221 ob
712 3168 840 3221 recoctus
859 3166 931 3222 Sero.
948 3168 1017 3221 Aea.
1034 3172 1076 3234 11,

61 3243 117 3293 553
207 3239 244 3292 59
268 3239 300 3293 cb
324 3255 378 3293 coc.
398 3239 429 3292 ia
448 3243 475 3290 -e
494 3239 581 3292 Prisc.
603 3242 628 3304 7,
648 3244 665 3291 6
687 3242 796 3306 p.288,
816 3243 851 3292 10
941 3237 1076 3292 vaticinio

60 3310 111 3364 illo
130 3308 249 3364 ridiculo
268 3309 393 3364 Tiresiae
414 3308 564 3377 ‘quidquid
581 3341 617 3349 —
635 3311 702 3362 non’
723 3311 818 3365 Boctb.
836 3327 907 3365 coac.
922 3311 992 3379 phil.
1014 3315 1039 3376 5,
1059 3315 1076 3364 3

56 3400 87 3451 p.
103 3385 167 3447 103,
187 3387 205 3435 6
226 3382 289 3436 obe.
363 3381 399 3434 61
420 3380 444 3434 si
463 3380 530 3434 licet
544 3382 613 3450 Εφ,
632 3399 694 3451 erqo
712 3382 748 3452 Q
761 3381 811 3452 Q,
831 3381 940 3435 scilicet
959 3383 1077 3451 chll

61 3453 99 3507 65
119 3470 181 3508 cum
199 3454 320 3507 lcmrncte
333 3452 436 3506 Nasica
455 3452 578 3521 eaercplc
598 3453 683 3507 Vctic.
697 3456 754 3507 264
826 3452 862 3506 73
880 3451 972 3505 uincit
989 3452 1076 3535 QQ

59 3526 141 3580 schol.
160 3525 230 3591 PV,
257 3525 354 3578 uincet
372 3543 390 3578 c
406 3525 518 3583 Getas
609 3521 644 3578 74
668 3523 771 3578 scribet
793 3525 830 3595 Q
851 3523 902 3596 Q,
930 3523 1029 3578 scribrt
1046 3526 1077 3580 F

62 3595 99 3652 78
118 3595 250 3663 nequiere
269 3615 293 3663 ς,
312 3595 464 3665 nequiuere
482 3596 518 3666 Q
531 3595 569 3668 Q
