2400 3968
356 123 458 178 CARM
482 123 563 177 [111.

113 270 173 334 hac
196 273 229 334 te
253 272 443 352 merentem,
465 268 592 333 Bacche
614 270 720 352 pater,
743 272 818 334 tuae

114 381 228 424 vexere
250 359 351 443 tigres
374 358 505 423 indocili
528 358 641 443 iugum

159 448 243 513 collo
267 447 446 529 trahentes,
468 446 529 511 hac
551 445 705 523 Quirinus

203 536 318 601 Martis
342 538 433 620 equis
455 535 642 600 Acheronta
664 536 764 622 fugit,

114 665 244 747 gratum
267 663 394 725 elocuta
417 659 662 725 consiliantibus

112 749 237 815 Iunone
261 750 355 815 divis:
403 747 512 833 ‘llion,
535 747 620 812 Ilion

158 839 267 904 fatalis
291 841 496 922 incestusque
519 839 616 902 iudex

205 933 236 992 et
260 928 377 993 mulier
398 928 569 1012 peregrina
590 927 688 991 vertit

115 1053 149 1116 in
171 1052 353 1137 pulverem,
377 1074 416 1116 ex
440 1074 504 1136 quo
528 1050 676 1116 dest'tuit
698 1052 775 1116 deos

114 1141 259 1206 mercede
281 1145 376 1224 pacta
399 1141 597 1221 Laomedon,
621 1140 702 1205 mihi

160 1234 329 1313 castaeque
352 1231 540 1294 damnatum
563 1229 727 1294 Minervae

207 1341 281 1383 cum
302 1319 424 1404 populo
449 1322 480 1383 et
503 1319 584 1384 duce
606 1318 820 1398 fraudulente.

114 1443 180 1507 iarn
202 1465 261 1506 nec
284 1442 448 1507 Lacaenae
471 1443 618 1527 splendet
641 1443 804 1508 adulterae

113 1533 257 1597 famosus
280 1532 398 1616 hospes
421 1553 481 1597 nec
504 1531 624 1597 Priami
648 1532 761 1598 domus

158 1622 288 1705 periura
310 1622 466 1706 pugnacis
489 1620 632 1687 Achivos

206 1709 376 1774 Hectoreis
401 1710 516 1794 opibus
539 1710 691 1795 refringit

114 1835 304 1918 nostrisque,
323 1835 457 1900 ductum
480 1834 691 1899 seditionibus

116 1924 240 1988 bellum
263 1924 395 2010 resedit3
418 1924 568 2008 protinus
592 1928 624 1987 et
647 1924 754 2008 gravis

159 2015 223 2077 iras
247 2017 280 2077 et
302 2013 443 2077 invisum
465 2017 630 2098 nepotem,

205 2101 321 2167 Troica
344 2125 440 2186 quem
462 2103 589 2186 peperit
611 2101 773 2186 sacerdos,

116 2225 215 2291 Marti
238 2226 415 2310 redonabo,
438 2226 532 2290 illum
556 2247 616 2312 ego
638 2226 761 2292 lucidas

116 2316 198 2379 inire
222 2316 325 2399 sedes,
349 2315 470 2380 discere
492 2316 631 2380 nectaris

161 2426 254 2468 sucos
278 2409 310 2468 et
333 2404 469 2470 adscribi
494 2404 611 2488 quietis

206 2493 373 2557 ordinibus
396 2494 502 2591 patiar
526 2494 666 2558 deorum.

117 2617 194 2681 dum
217 2616 333 2703 longus
357 2619 442 2682 inter
464 2619 585 2682 saeviat
608 2615 693 2682 llion

118 2706 319 2790 Romamque
341 2711 475 2791 pontus,
500 2706 643 2790 quelibet
666 2705 791 2771 exsules

161 2797 196 2858 in
218 2799 309 2879 parte
331 2800 489 2880 regnanto
513 2795 613 2879 beati,

207 2884 283 2948 dum
307 2884 427 2948 Priami
451 2885 640 2969 Paridisque
662 2884 759 2949 busto
949 2892 1000 2948 ro'

63 3024 160 3080 ME
229 3023 366 3096 &RQ

63 3149 92 3205 dc
110 3167 128 3203 a
146 3165 225 3202 versu
244 3149 279 3202 17
304 3149 389 3215 saluae
407 3150 457 3218 qui
473 3150 543 3204 male
561 3164 657 3203 nouom
676 3166 786 3203 carmen
803 3149 978 3218 oeiuapereat

68 3226 108 3276 est
127 3221 174 3275 Pa.
194 3220 294 3288 Porpb.
387 3219 424 3274 18
443 3219 515 3274 Ilion
534 3252 567 3260 —
587 3219 672 3275 iudex
691 3223 723 3275 ob
746 3219 844 3273 fatalis
867 3220 978 3273 adhibet

72 3293 277 3362 epiat.2,1,11
342 3290 380 3344 23
400 3292 564 3344 damnatam
580 3292 695 3363 Bentley
756 3289 795 3344 34
814 3291 921 3344 discere
939 3289 977 3361 Θ

63 3405 67 3426 ,
86 3365 119 3417 de
132 3363 169 3434 Q)
184 3378 242 3416 aaa
259 3369 330 3418 certo
348 3370 463 3429 coastat,
481 3363 549 3432 quia
562 3363 639 3418 A²E
650 3364 759 3431 quidem
777 3364 847 3417 daut
861 3361 976 3428 discere,

69 3434 81 3489 1
99 3435 214 3501 ducere,
242 3437 314 3502 quod
337 3436 420 3489 etiam
442 3435 523 3488 schot.
540 3438 566 3487 Γ
586 3435 707 3502 explicat
814 3432 850 3486 37
871 3433 978 3486 saeviet

63 3523 118 3575 ΜΡ
