2386 3974
99 239 164 303 218
508 239 614 293 SERM.
633 239 659 293 Π
678 247 702 294 3.

147 385 239 469 atqui
262 384 369 449 voltus
393 387 461 448 crat
484 383 587 449 multa
610 389 642 449 et
664 385 830 470 praeclara
852 387 1008 471 minantis,

105 501 131 540 ro
146 473 173 537 si
196 495 332 539 vacuom
356 475 465 557 tepido
490 475 626 557 cepisset
648 474 762 539 villula
785 478 882 540 tecto.

147 585 301 645 quorsum
324 563 481 646 pertinuit
504 564 623 646 stipare
646 563 783 628 Platona
805 563 999 630 Menandro?

148 651 299 736 Eupolin,
322 651 564 735 Archilochum,
588 653 722 716 comites
746 653 879 717 educere
903 655 1022 719 tantos?

147 741 301 805 invidiam
324 742 451 825 placare
474 763 569 824 paras
592 742 711 806 virtute
734 742 869 807 relicta?

149 833 353 894 contemnere
377 830 481 894 miser.
527 831 659 894 vitanda
682 835 731 894 est
753 831 892 915 inproba
915 831 1001 896 Siren

105 944 131 984 11
147 919 267 983 desidia
290 923 346 983 aut
369 919 527 1002 quidquid
549 921 616 982 vita
638 920 771 985 meliore
794 922 916 1004 parasti

144 1009 329 1092 ponendum
348 1029 450 1090 aequo
469 1008 597 1073 animo'
629 1009 674 1071 ‘di
688 1013 730 1092 te,
748 1009 954 1094 Damasippo,
971 1011 1049 1092 deaeq

145 1119 256 1161 verum
281 1098 321 1162 ob
346 1098 516 1163 consilium
540 1096 660 1162 donent
682 1103 821 1163 tonsore.
868 1100 924 1163 sed
945 1100 1019 1163 unde

145 1189 212 1250 tem
226 1187 306 1250 bene
321 1209 372 1249 me
386 1186 505 1251 nosti?
531 1187 715 1270 ‘postquam
729 1189 834 1252 omnis
849 1210 900 1251 res
913 1186 1049 1252 meolam

147 1275 186 1338 ad
209 1275 350 1339 medium
373 1276 477 1339 fracta
499 1279 563 1359 est,¹
579 1276 684 1340 aliene
706 1277 838 1362 negotia
862 1299 939 1342 curo

103 1388 131 1428 ao
145 1384 296 1428 excussus
320 1364 469 1448 propriis.
516 1367 594 1429 olim
616 1387 692 1429 nam
716 1387 868 1449 quaerere
891 1366 1032 1448 amabam,

146 1474 209 1536 quo
232 1454 322 1518 vafer
344 1453 399 1517 1111
422 1452 519 1539 pedes
542 1453 674 1517 lavisset
698 1453 857 1539 Sisyphus
880 1478 960 1541 aere,

144 1541 1034 1717 11111111111111111111111·

952 1685 959 1718 1

142 1718 255 1784 hortos
279 1721 488 1806 egregiasque
512 1721 623 1786 domos
647 1723 817 1786 mercarier
840 1744 924 1787 unus

102 1832 129 1872 as
144 1829 217 1873 cum
241 1809 330 1875 lucro
353 1832 479 1874 noram:
503 1810 587 1873 unde
610 1809 792 1893 frequentia
814 1811 998 1877 Mercuriale

143 1897 312 1981 inposuere
335 1898 416 1962 mihi
440 1920 618 1984 cognomen
642 1900 804 1983 compita?
853 1901 941 1966 ‘novi

144 1990 176 2049 et
200 1988 300 2051 miror
321 1988 428 2052 morbi
450 1992 625 2073 purgatum
648 1992 680 2052 te
704 1989 813 2053 illius’
861 1990 963 2074 ‘atqui

144 2077 265 2141 emovit
288 2079 428 2140 veterem
451 2079 532 2141 mire
554 2099 666 2159 novos,
689 2082 726 2142 ut
749 2080 840 2162 solet,
864 2079 900 2144 111
923 2101 977 2144 eor

144 2165 277 2230 traiecto
301 2165 411 2229 lateris
435 2167 543 2230 miseri
567 2167 722 2250 capitisve
746 2167 867 2251 dolore,

102 2278 130 2317 ao
143 2258 181 2317 ut
198 2255 396 2339 lethargicus
414 2254 469 2319 hic
487 2277 560 2320 cum
580 2257 618 2320 fit
635 2255 729 2341 pugil
747 2260 779 2320 et
797 2257 958 2322 medicum
971 2256 1049 2342 urget

145 2343 233 2407 ‘dum
251 2343 372 2427 nequid
392 2344 497 2408 simile
510 2344 596 2428 huic,
615 2349 683 2408 esto
698 2349 735 2408 ut
748 2345 850 2410 libet'
875 2347 907 2411 ‘o
921 2346 1004 2429 bene,
1015 2364 1045 2408 ne

140 2432 307 2497 frustrere:
331 2433 452 2497 insanis
476 2438 508 2497 et
530 2437 568 2497 tu
591 2433 748 2518 stultique
770 2456 872 2518 prope
897 2457 1008 2518 omnes,

145 2521 251 2604 siquid
275 2521 448 2586 Stertinius
471 2522 540 2586 veri
564 2531 682 2607 crepat,
705 2522 789 2587 unde
813 2545 874 2609 ego
898 2527 978 2590 mira

144 2610 298 2694 descripsi
322 2610 435 2675 docilis
457 2616 629 2696 praecepta
651 2612 738 2695 haec,
762 2616 909 2697 tempore
933 2637 992 2699 quo
1014 2631 1049 2677 me

102 2725 128 2766 ss
144 2699 265 2763 solatus
289 2700 385 2763 iussit
408 2702 584 2784 sapientem
607 2722 738 2785 pascere
762 2702 897 2766 barbam

143 2792 240 2871 atque
264 2811 281 2851 a
304 2787 451 2853 Fabricio
474 2811 541 2853 non
564 2785 690 2854 tristem
714 2794 814 2873 ponte
837 2793 964 2858 reverti.

143 2899 215 2940 nam
241 2875 324 2941 male
347 2900 381 2941 re
405 2882 496 2964 gesta
519 2900 592 2942 cum
615 2880 729 2943 vellem
755 2880 885 2945 mittere
908 2884 1015 2966 operto

142 2987 193 3029 me
218 2966 322 3050 capite
345 2967 380 3030 in
403 2969 531 3050 flumen,
555 2968 666 3032 dexter
688 2969 779 3032 stetit
802 2976 834 3033 et
859 2970 960 3036 “cave
981 2968 1049 3035 faxis

158 3089 284 3158 &aa
353 3089 451 3161 (thQ

160 3195 178 3247 9
197 3197 229 3250 ob
253 3195 358 3249 minari
376 3196 449 3251 Serv.
470 3198 539 3251 Aea.
558 3199 586 3262 2,
605 3201 641 3250 96
714 3197 751 3250 12
775 3197 989 3268 archiloc(h)um
1004 3197 1049 3268 (i)‹

87 3266 257 3321 Archilocho
277 3286 294 3327 ς
385 3267 422 3322 13
442 3269 510 3334 quin
533 3271 566 3321 tu
590 3269 647 3337 (sic)
672 3267 809 3322 invidiam
828 3301 863 3310 —
881 3271 1015 3326 miseret
1034 3283 1049 3320 1

86 3339 213 3392 temnere
236 3340 316 3393 schol.
337 3341 412 3394 Pers.
433 3343 458 3405 3,
477 3343 514 3393 21
538 3339 632 3407 (codem
654 3356 722 3394 saec.
743 3341 816 3408 XV)
908 3341 945 3396 21
968 3340 1042 3395 ualet

87 3410 200 3478 Porph„
223 3411 302 3475 faber
323 3414 346 3464 Φ
437 3410 474 3463 22
499 3411 640 3479 sculptum
663 3412 718 3481 (Dl
742 3412 882 3483 (mand),
906 3412 1039 3482 scalptum

88 3479 125 3535 25
158 3482 326 3536 mercuriale
353 3482 389 3551 (D
406 3481 456 3553 Θ,
489 3481 685 3535 mercurialem
713 3502 741 3550 ς,
774 3483 937 3538 Mercuriali

87 3550 125 3604 29
148 3567 184 3605 ue
209 3554 251 3618 E,
279 3568 334 3620 que
357 3557 406 3607 αΦ
497 3553 536 3606 311
564 3553 705 3606 medicum
733 3555 801 3625 ῶλ,
829 3555 973 3611 modicum
1039 3554 1049 3623 (ι

81 3622 122 3677 33
141 3624 203 3679 ueri
220 3625 270 3696 Θ,
289 3641 389 3681 uerum
405 3627 428 3679 Φ
