2400 3968
494 205 604 261 cARM.
618 206 658 261 111
677 211 701 261 4.

249 355 286 415 ut
308 355 379 416 tuto
403 350 444 415 ab
467 349 546 416 atris
570 372 704 435 corpore
727 352 848 437 viperis

249 441 422 506 dormirem
446 444 479 504 et
501 441 599 525 ursis,
622 445 660 506 ut
682 463 846 524 premerer
868 463 954 507 sacra

291 530 448 614 lauroque
471 529 662 614 conlataque
685 533 792 615 myrto

328 641 395 684 non
418 619 486 684 siue
510 619 559 683 dis
582 619 748 685 animosus
771 619 887 688 infans.

249 818 367 898 vester,
392 813 561 899 Camenae,
584 818 691 879 vester
714 815 748 879 in
771 817 890 883 arduos

249 903 348 969 tollor
372 902 522 986 Sabinos,
546 925 603 968 seu
625 903 707 968 mihi
729 905 886 990 frigidum

273 1064 274 1067 Ἴ
294 992 466 1057 Praeneste
490 1015 547 1056 seu
569 992 670 1057 Tibur
694 994 846 1077 supinum

334 1103 391 1146 seu
413 1081 555 1165 liquidae
578 1082 726 1166 placuere
749 1082 856 1149 Baiae.

251 1277 367 1342 vestris
391 1277 530 1342 amioum
552 1277 699 1342 fontibus
723 1282 756 1342 et
779 1278 887 1344 choris

248 1389 315 1432 non
337 1390 388 1431 me
412 1365 573 1450 Philippis
596 1389 688 1431 versa
711 1367 796 1433 acies
818 1373 920 1453 retro,

295 1455 411 1521 devota
433 1478 500 1520 non
522 1457 662 1520 extinxit
684 1457 781 1521 arbor

333 1567 393 1609 nec
416 1543 524 1609 Sicula
547 1544 719 1610 Palinurus
742 1545 836 1610 unda.

250 1744 424 1824 utcumque
448 1762 574 1805 mecum
596 1764 654 1806 vos
678 1742 781 1824 eritis,
804 1742 909 1811 libens

250 1829 462 1893 insanientem
486 1830 596 1894 navita
618 1830 802 1914 Bosporum

294 1918 459 2002 temptabo
484 1923 516 1983 et
539 1919 662 1985 urentis
685 1922 820 1986 harenas

334 2007 440 2071 litoris
463 2007 592 2092 Assyrii
615 2009 734 2093 viator,

249 2204 351 2267 visam
374 2203 549 2269 Britannos
573 2204 757 2288 hospitibus
779 2206 866 2270 feros

250 2296 283 2356 et
306 2291 426 2356 laetum
450 2294 567 2375 equino
592 2293 747 2378 sanguine
773 2292 971 2379 Concanum,

294 2381 397 2445 visam
420 2382 622 2465 pharetratos
647 2380 785 2448 Gelonos

335 2474 368 2535 et
392 2468 580 2554 Scythicum
604 2472 779 2536 inviolatus
802 2495 939 2537 amnem.

249 2688 307 2730 vos
332 2663 499 2731 Caesarem
524 2666 639 2748 altum,
664 2667 782 2732 militia
805 2668 902 2732 simul

250 2755 350 2819 fessas
374 2756 522 2821 cohortes
545 2756 669 2821 abdidit
692 2757 832 2842 oppidis,

295 2844 389 2909 finire
412 2851 618 2929 quaerentem
641 2845 767 2910 labores

339 2933 446 2999 Pierio
470 2936 619 3000 recreatis
643 2938 744 3000 antro.

162 3125 294 3196 (man
363 3126 499 3198 aare

164 3303 199 3358 1⁷
214 3304 374 3428 pann]
457 3305 493 3359 21
520 3306 710 3377 [aaran]
784 3306 822 3361 aa
840 3309 921 3363 aaut,
936 3309 997 3363 rav.
1013 3304 1086 3374 aru

93 3375 187 3444 ‘proni
237 3376 336 3429 ibuna’
366 3394 396 3429 111
424 3377 574 3446 praecipiti
601 3379 696 3445 posita
724 3380 756 3431 ut
779 3378 914 3432 Hoiatius
940 3379 1086 3446 ‘clivumqn

91 3446 235 3515 supinum'
261 3449 309 3517 (au
327 3464 361 3502 ea
378 3449 518 3517 deperdito
536 3449 641 3503 Horati
663 3449 772 3519 cerau?)
862 3449 898 3504 31
918 3451 1028 3504 urentis
1045 3453 1086 3520 (es

90 3519 128 3589 (r)
140 3517 191 3590 ᾧ),
210 3519 316 3572 arentis
334 3521 397 3588 (es)
419 3523 441 3573 Φ
496 3518 534 3574 38
554 3519 666 3573 abdidit
684 3521 763 3588 <add
781 3523 809 3576 B
814 3522 857 3592 F)
875 3521 912 3592 Q)
924 3521 964 3593 (ιι)
982 3519 1086 3592 (aaut.

92 3590 193 3658 Perpt.
209 3590 237 3660 (i.
252 3590 331 3645 schol.
347 3592 428 3661 AF),
446 3590 566 3644 redditis
586 3594 641 3658 da,
660 3592 786 3646 reddidit
805 3610 821 3652 ς
896 3593 934 3646 39
955 3593 1086 3666 [ΘΑΕ
