2386 3974
505 242 615 297 EPIST.
634 244 648 298 I
667 249 691 297 1.
1040 243 1105 309 253

84 409 154 453 non
175 392 212 452 ut
235 389 413 473 porticibus
437 390 482 453 sic
506 389 632 455 iudiciis
655 391 745 454 fruar
767 389 869 454 isdem

85 499 145 542 neo
169 499 284 562 sequar
307 482 362 542 aut
385 479 507 564 fugiam
534 501 615 564 quas
638 478 746 564 diligit
768 480 838 563 ipse
861 481 912 544 vel
936 480 1017 545 odit:

85 568 164 631 olim
189 567 275 651 quod
298 567 409 651 volpes
432 572 563 654 aegroto
588 572 682 634 cauta
704 568 789 633 leoni

83 656 263 741 respondit,
286 657 435 722 referam:
461 659 549 742 ‘quia
571 680 622 721 me
646 659 783 742 vestigia
805 661 939 742 terrent,

85 745 195 810 omnia
218 749 249 810 te
273 746 441 811 adversum
465 748 657 831 spectantia,
681 748 770 811 nulla
792 748 988 813 retrorsum?
1119 773 1144 814 u

84 836 180 899 belua
193 837 369 900 multorum
384 859 417 900 es
432 837 581 920 capitum.
614 859 690 901 nam
705 836 783 919 quid
797 858 912 920 sequar
920 841 978 903 aut
987 837 1104 920 quem?

85 947 160 1009 pars
184 924 352 990 hominum
377 927 475 1010 gestit
498 927 675 990 conducere
698 926 841 1011 publica3
865 930 940 992 sunt
963 927 1020 1010 qui

84 1013 198 1077 frustis
222 1019 254 1078 et
277 1014 382 1098 pomis
406 1015 519 1078 viduas
542 1018 698 1079 venentur
721 1036 832 1078 avaras

85 1103 311 1187 excipiantque
335 1126 439 1187 senes,
464 1126 545 1188 quos
568 1105 603 1168 in
626 1104 748 1168 vivaria
770 1105 916 1190 mittant3

84 1193 196 1257 multis
221 1193 347 1257 occulto
372 1194 486 1258 crescit
509 1216 559 1258 res
583 1195 721 1258 faenore.
767 1215 877 1259 verum

85 1286 154 1346 esto
178 1282 249 1346 aliis
274 1281 354 1347 alios
377 1283 473 1347 rebus
497 1284 675 1365 studiisque
699 1283 813 1347 teneri:

85 1370 171 1434 idem
195 1371 305 1435 eadem
328 1376 464 1456 possunt
486 1374 598 1436 horam
623 1372 736 1437 durare
760 1373 954 1456 probantes?

85 1459 206 1524 ‘nullus
228 1461 263 1525 in
286 1462 363 1526 orbe
387 1462 476 1526 sinus
499 1461 575 1526 Bais
598 1460 761 1545 praelucet
784 1463 937 1527 amoenis'

84 1549 113 1612 si
138 1548 219 1613 dixit
243 1551 343 1634 dives,
366 1552 455 1615 lacus
479 1555 620 1615 otmaro
645 1552 743 1615 sentit
766 1574 906 1617 amorem

83 1638 267 1703 festinantis
290 1641 350 1724 ori;
374 1641 425 1704 oui
449 1640 475 1704 si
500 1640 617 1704 vitiosa
640 1640 741 1705 libido

84 1728 196 1792 fecerit
219 1729 411 1813 auspicium,
435 1752 504 1793 cras
527 1729 722 1795 ferramenta
744 1730 887 1795 Teanum

84 1817 219 1904 tolletis,
243 1818 334 1882 fabri.
375 1820 477 1883 lectus
502 1819 637 1904 genialis
662 1821 696 1883 in
719 1821 792 1884 aula
814 1825 875 1885 est:

83 1904 132 1971 nil
155 1907 200 1971 ait
223 1929 292 1971 esse
316 1909 419 1992 prius,
438 1910 553 1973 melius
576 1909 623 1973 nil
647 1907 767 1973 caelibe
791 1911 870 1994 vita,

84 1995 111 2058 si
134 2017 200 2060 non
224 2002 286 2080 est,
309 1998 393 2062 iurat
415 1998 497 2061 bene
515 1999 598 2063 solis
621 2020 690 2062 esse
712 1999 847 2064 maritis.

84 2107 148 2169 quo
172 2088 298 2150 teneam
321 2087 429 2151 voltus
452 2092 630 2153 mutantem
653 2088 772 2152 Protea
793 2088 901 2152 nodo?

84 2174 162 2257 quid
185 2176 328 2260 pauper?
351 2177 431 2241 ride:
455 2181 560 2241 mutat
584 2177 746 2262 cenacula,
769 2177 884 2260 lectos,

83 2263 211 2348 balnea,
234 2268 395 2348 tonsores,
419 2266 578 2332 'conducto
602 2267 732 2352 navigio
757 2288 857 2350 aeque

82 2358 216 2417 nauseat
239 2375 276 2418 ac
298 2354 455 2439 locuples,
479 2378 574 2439 quem
599 2355 686 2419 ducit
708 2355 800 2439 priva
822 2355 969 2419 triremis

83 2443 111 2506 si
135 2446 263 2506 curatus
286 2444 447 2528 inaequali
470 2449 599 2509 tonsore
623 2445 756 2528 capillos

85 2531 223 2616 occurri,
245 2532 343 2618 rides,
367 2535 394 2598 si
416 2535 500 2598 forte
524 2533 680 2598 subucula
702 2556 802 2619 pexae

84 2622 161 2685 trita
185 2622 295 2686 subest
318 2624 444 2688 tunicae
468 2625 519 2687 vel
542 2625 570 2687 si
593 2627 671 2707 toga
694 2624 827 2688 dissidet
849 2622 955 2707 inpar,

76 2710 182 2774 rides:
208 2711 307 2794 quid?
331 2735 402 2776 mea
425 2735 496 2776 cum
520 2717 645 2798 pugnat
669 2712 827 2777 sententia
850 2733 970 2796 secum,

84 2800 172 2883 quod
195 2801 290 2884 petiit
314 2803 448 2885 spernit,
471 2802 590 2885 repetit
613 2804 699 2885 quod
722 2825 824 2887 nuper
849 2801 970 2885 omisit,

155 2940 288 3011 &An
357 2941 494 3012 &aa

160 3065 192 3120 71
218 3064 308 3118 isdem
327 3067 363 3136 Q
381 3065 430 3138 Q,
459 3066 534 3119 idem
553 3067 641 3120 Ean
733 3066 769 3120 72
793 3069 843 3120 aut
864 3068 908 3138 Q,
933 3084 983 3122 om.
1002 3066 1040 3138 Q
1058 3068 1101 3136 (ac

85 3137 161 3202 Fal,
180 3139 209 3190 et
223 3138 299 3191 Ros
318 3155 351 3191 coc
364 3138 443 3192 schol.
459 3139 520 3192 PV
530 3156 560 3208 p.
575 3142 639 3205 213,
660 3141 686 3207 5)
751 3155 823 3206 quae
837 3140 873 3209 Q
886 3139 924 3211 Q
941 3139 1020 3193 schot.
1036 3139 1101 3204 PV,

84 3225 168 3277 quem
188 3210 241 3264 Ru
316 3209 350 3262 73
370 3211 402 3264 ob
425 3210 538 3276 fabulae
560 3227 640 3264 usum
658 3211 740 3276 offert
760 3209 853 3280 Quint.
874 3212 937 3265 inst.
957 3214 983 3276 5,
1003 3214 1045 3276 11,
1063 3213 1101 3264 20

85 3281 171 3349 (quod
191 3281 263 3334 dixit
282 3280 377 3349 volpes
397 3297 422 3334 a.
438 3297 460 3334 e.
476 3281 505 3349 l.)
599 3280 634 3333 76
653 3299 714 3336 cum
736 3283 857 3336 leucmate
875 3281 960 3336 belua
979 3281 1101 3351 excerpta

90 3352 249 3406 1711111222
300 3369 382 3419 quem
396 3352 482 3424 QQ
497 3354 629 3421 (exemplo
645 3354 750 3421 Vatia),
770 3357 882 3420 quaed>
939 3352 974 3407 78
993 3351 1101 3406 Frustis

83 3423 182 3495 QQ,
208 3422 350 3482 Crustiss
440 3423 477 3476 83
497 3423 564 3478 orbe
582 3425 618 3494 Q
636 3423 685 3496 Q,
707 3425 776 3478 urbe
796 3425 846 3477 Fs
935 3421 1047 3478 94-92
1068 3424 1100 3478 ob

84 3496 256 3562 epiatropheu
280 3497 326 3549 Ps.
347 3496 664 3562 1111111111111111111.
684 3499 776 3565 1152,
795 3500 830 3549 13
923 3495 961 3550 95
986 3494 1101 3549 Occurri

84 3566 132 3635 (it
149 3567 188 3635 A)
206 3567 242 3636 Q
257 3566 295 3638 Q
314 3568 370 3635 (Pa
387 3568 476 3635 Rufi),
496 3565 653 3626 Occurros
725 3565 761 3620 97
783 3582 877 3620 secum
895 3568 932 3638 Q
1000 3567 1034 3634 cf.
1053 3567 1100 3622 Oc.

83 3643 144 3693 1111.
155 3642 199 3704 15,
207 3642 246 3692 27
250 3659 262 3704 ,·
275 3654 384 3691 mecum
395 3638 557 3693 Renoua.
596 3637 634 3692 98
649 3639 681 3692 ob
695 3638 799 3706 repetit
813 3640 936 3708 eceorptu
974 3641 1105 3691 otiam
