2386 3974
447 217 552 272 suan.
570 217 597 271 11
616 215 642 290 u
987 217 1052 283 245

35 362 196 428 subiectat
217 364 303 428 lasso
327 364 475 428 stimulos
499 366 668 448 versatque
689 367 871 449 negantem.

35 452 87 518 vel
110 475 185 518 cum
207 452 362 518 Pausiaca
385 457 507 537 torpes,
530 454 654 536 insane,
677 453 808 536 tabella,
1068 477 1093 518 as

36 543 92 626 qui
116 564 228 626 peccas
246 543 353 607 minus
372 546 469 626 atque
488 564 557 629 ego,
581 564 654 607 cum
674 543 768 607 Fulvi
787 542 1001 626 Rutubaeque

35 635 92 696 aut
114 631 299 696 Pacideiani
323 636 474 696 contento
498 631 621 716 poplite
644 633 745 697 miror

35 720 158 805 proelia
180 721 308 786 rubrica
330 722 417 805 picta
440 724 496 784 aut
519 721 656 786 carbone
680 721 769 786 velut
791 721 819 784 si

34 833 68 874 re
92 832 167 874 vera
190 814 350 895 pugnent,
372 811 491 875 feriant
513 812 679 895 vitentque
703 814 869 875 moventes

35 922 125 963 arma
147 899 230 964 viri?
274 922 414 984 nequam
438 903 471 964 et
494 903 634 964 cessator
657 899 778 985 Dav0s3
802 904 835 964 at
859 901 927 984 ipse
1056 925 1095 966 roo

34 988 165 1053 subtilis
188 992 333 1053 veterum
355 989 452 1052 iudex
475 993 508 1052 et
531 989 666 1054 callidus
689 989 789 1054 audis.

33 1078 83 1142 nil
106 1098 181 1163 ego,
206 1078 232 1143 si
257 1077 356 1143 dueor
378 1079 446 1143 libo
470 1078 627 1143 fumante:
651 1079 712 1142 tibi
736 1080 849 1163 ingens

34 1168 138 1231 virtus
162 1171 259 1252 atque
282 1168 408 1232 animus
433 1168 519 1232 cenis
541 1172 710 1252 responsat
734 1168 872 1252 opimis?

35 1257 227 1340 obsequium
250 1257 372 1322 ventris
396 1257 477 1321 mihi
501 1257 713 1341 perniciosius
737 1260 784 1321 est
808 1258 885 1322 cur?

34 1350 128 1432 tergo
151 1348 275 1429 plector
298 1346 392 1411 enim.
440 1347 495 1430 qui
519 1352 555 1410 tu
578 1346 758 1430 inpunitior
780 1346 849 1429 illa,
1056 1372 1094 1412 105

35 1457 118 1519 quae
141 1458 240 1520 perro
265 1436 349 1499 sumi
373 1440 548 1519 nequeunt,
573 1436 708 1500 obsonia
732 1437 863 1520 captas?

34 1547 151 1608 nempe
175 1525 412 1590 inamarescunt
435 1524 548 1609 epulae
572 1526 640 1589 sine
663 1526 728 1589 fine
751 1526 871 1609 petitae

35 1613 199 1697 inlusique
222 1615 318 1698 pedes
342 1615 495 1679 vitiosum
518 1615 601 1679 ferre
623 1618 773 1679 recusant

35 1725 160 1787 corpus.
207 1727 247 1767 an
270 1704 324 1768 hic
346 1709 466 1787 peccat,
490 1703 701 1769 subnectam
725 1704 781 1789 qui
805 1728 884 1788 puer
906 1726 1001 1769 uvam

34 1793 160 1858 furtiva
179 1796 284 1857 mutat
307 1794 439 1878 strigili:
464 1793 519 1877 qui
542 1794 673 1876 praedia
695 1794 819 1877 vendit,
1056 1820 1095 1860 110

34 1883 84 1947 nil
107 1882 221 1947 servile
244 1884 338 1969 gulae
362 1905 477 1967 parens
500 1883 620 1947 habet?
666 1884 758 1966 adde,
782 1883 869 1966 quod
892 1882 977 1946 idem

35 1994 102 2036 non
125 1972 238 2036 horam
262 1975 369 2036 tecum
393 1994 462 2036 esse
486 1975 588 2056 potes,
611 1994 677 2036 non
701 1973 768 2037 otia
790 1978 877 2037 recte

36 2082 156 2145 ponere
178 2066 275 2144 teque
297 2063 404 2145 ipsum
428 2061 510 2125 vitas
533 2061 689 2146 fugitivos
714 2066 746 2126 et
768 2082 853 2144 erro,

36 2151 102 2214 iam
126 2152 200 2215 vino
225 2173 390 2234 quaerens,
414 2152 477 2214 iam
501 2173 615 2215 somno
639 2150 750 2215 fallere
774 2173 896 2234 curam3
989 2209 991 2212 ,

36 2241 167 2304 frustra:
182 2263 256 2304 nam
272 2262 378 2305 comes
393 2245 463 2305 atra
476 2241 595 2323 premit
610 2240 818 2323 sequiturque
831 2240 1000 2325 fugacem?
1057 2265 1095 2306 ns

37 2329 133 2393 ‘unde
144 2329 224 2393 mihi
235 2329 411 2414 lapidem?'
430 2330 595 2414 ‘quorsum
606 2330 778 2414 estopus?'
797 2330 893 2393 ‘unde
904 2329 1071 2414 sagittas‘l'

36 2419 105 2483 ‘aut
128 2418 247 2483 insanit
269 2418 368 2484 homo
392 2424 448 2483 aut
472 2440 581 2483 versus
604 2418 701 2483 facit?
746 2418 847 2483 ‘ocius
870 2419 946 2483 hinc
968 2422 1001 2483 te

35 2509 71 2572 ni
93 2509 195 2592 rapis,
217 2509 346 2573 accedes
372 2531 468 2592 opera
491 2530 568 2593 agro
592 2531 678 2572 nona
702 2507 841 2572 Sabino!

108 2666 205 2736 <nn
273 2666 373 2738 aaa

109 2808 144 2861 97
175 2807 335 2877 pacideiani
362 2811 393 2863 F
411 2809 490 2863 Goth.
519 2811 553 2876 cs.
580 2810 670 2864 Lucil.
699 2814 763 2875 151,
796 2808 968 2878 placidsiani
992 2810 1056 2863 Eu

37 2880 76 2935 99
91 2882 236 2933 mouentes
250 2881 309 2951 (Di,
328 2880 478 2934 morientes
493 2882 523 2934 F
525 2884 540 2934 t
591 2881 649 2936 199
669 2882 750 2951 effi),
767 2883 879 2936 omis&
925 2880 983 2934 199
998 2897 1053 2935 res-

35 2954 139 3021 ponsat
161 2951 199 3023 Θ
217 2952 333 3019 Porpb.,
356 2952 509 3021 respondet
528 2954 558 3007 E
638 2951 696 3007 105
716 2951 765 3020 qui
784 2951 864 3021 (quid
883 2954 929 3022 λς)
946 2953 979 3006 tu
997 2953 1055 3023 (Di

36 3023 164 3092 (Blaod.)
187 3024 222 3089 cf.
243 3023 317 3078 Pers.
338 3028 453 3090 5,130,
477 3023 613 3090 quidum
632 3025 673 3078 Fl
760 3023 817 3078 199
841 3040 877 3077 an
897 3056 930 3064 -
950 3023 1055 3093 strigili

36 3097 68 3150 ob
87 3097 160 3149 heac
178 3096 231 3148 obl.
250 3096 332 3162 affert
350 3095 499 3164 (peccauit)
519 3097 606 3150 Prisc.
623 3099 649 3160 7,
667 3100 746 3164 7010.
761 3099 824 3162 347,
842 3100 877 3150 21
944 3094 1002 3148 119
1026 3096 1054 3149 et

35 3168 71 3237 (i)
84 3167 123 3238 (ᾗ)
136 3166 255 3231 Bland,
274 3169 307 3220 ut
326 3185 342 3225 ς
415 3166 471 3221 118
490 3167 562 3221 redit
582 3168 617 3234 0,·
637 3168 699 3238 [ῶς
713 3167 787 3238 ΟΕ]
