2400 3968
360 199 464 254 EPOD.
486 206 528 254 14.
549 205 589 254 15.
921 201 983 264 161

98 347 203 410 ureris
226 347 295 429 ipse
318 346 427 410 miser:
453 347 568 430 quodsi
590 368 657 410 non
679 336 822 430 pulcrior
845 347 931 432 ignis

145 436 289 499 accendit
312 435 475 499 obsessam
498 435 597 518 Ilion,

97 525 203 610 gaude
226 528 313 589 sorte
336 529 405 607 tua3
428 547 480 588 me
502 523 667 608 libertina,
690 546 749 590 nec
772 546 837 589 uno
867 555 870 559 ·
959 552 985 591 15

145 618 308 698 contenta,
331 613 460 697 Phryne
482 617 631 678 macerat.

440 1076 510 1141 XV.

95 1218 174 1283 Nox
196 1222 264 1281 erat
288 1222 320 1282 et
343 1221 430 1282 caelo
453 1219 600 1304 fulgebat
622 1220 714 1284 Luna
737 1242 848 1285 sereno

143 1308 228 1371 inter
251 1307 377 1372 minora
401 1308 518 1392 sidera,

96 1419 171 1461 cum
195 1401 244 1481 tu,
267 1419 459 1482 magnorum
482 1421 600 1461 numen
624 1398 749 1462 laesura
773 1399 919 1483 deorum,

141 1488 176 1550 in
199 1485 296 1549 verba
320 1485 449 1550 iurabas
472 1509 555 1570 mea,

96 1575 198 1639 artius
222 1579 318 1658 atque
341 1575 459 1638 hedera
482 1597 614 1659 procera
638 1576 851 1663 adstringitur
873 1577 937 1641 ilex
970 1604 981 1643 1

141 1664 238 1728 lentis
262 1664 436 1728 adhaerens
459 1664 630 1750 bracchiis,

97 1754 173 1817 dum
196 1753 306 1836 pecori
329 1753 426 1837 lupus
449 1758 482 1817 et
504 1756 612 1817 nautis
635 1755 773 1818 infestus
797 1753 910 1838 Orion,

142 1843 287 1906 turbaret
309 1841 480 1906 hibernum
503 1865 590 1906 mare

96 1932 309 2014 intonsosque
332 1932 471 2016 agitaret
494 1931 658 2015 Apollinis
682 1954 759 1996 aura
783 1935 931 2017 capillos

141 2020 210 2086 fore
232 2019 319 2082 hunc
342 2043 483 2084 amorem
506 2026 662 2104 mutuom,
955 2051 980 2089 10

97 2133 116 2175 ο
141 2110 282 2173 dolitura
305 2131 375 2172 mea
398 2112 536 2173 multum
560 2112 680 2175 virtute
702 2109 839 2175 Neaera:

141 2222 216 2262 nam
239 2198 346 2282 siquid
369 2199 403 2261 in
426 2198 540 2263 Flacco
563 2201 626 2263 viri
649 2203 707 2282 est,

95 2311 162 2353 non
184 2287 266 2351 feret
289 2288 437 2352 adsiduas
460 2289 580 2371 potiori
604 2293 635 2352 te
659 2289 733 2353 dare
756 2293 867 2353 noctes

141 2384 173 2440 et
197 2381 328 2460 quaeret
351 2378 453 2441 iratus
475 2400 586 2461 parem

98 2488 157 2530 nec
180 2466 278 2530 semel
302 2466 414 2531 offensi
437 2467 527 2530 cedet
551 2467 730 2531 constantia
751 2468 889 2552 formae,
956 2495 979 2534 15

141 2557 168 2619 si
192 2560 296 2619 certus
320 2556 448 2619 intrarit
473 2556 572 2620 dolor.

96 2649 128 2708 et
151 2650 200 2729 tu,
225 2646 418 2728 quicumque
438 2666 471 2708 es
490 2646 615 2710 felicior
638 2648 734 2728 atque
758 2667 830 2709 meo
853 2667 940 2710 nunc

141 2734 299 2817 superbus
321 2734 442 2798 incedis
466 2734 564 2818 ma10,

96 2825 140 2887 sis
163 2845 278 2907 pecore
302 2827 334 2886 et
358 2823 461 2887 multa
484 2825 572 2886 dives
595 2823 711 2886 tellure
733 2823 845 2888 licebit

140 2913 265 2996 tibique
287 2911 439 2976 Pactolus
463 2913 543 2977 fluat
579 2955 584 2962 -
953 2941 979 2979 ao

51 3107 196 3176 nnec
264 3105 401 3176 1111111

52 3283 82 3355 5,
98 3282 127 3337 4.
148 3284 165 3337 ὅ
185 3285 217 3338 ob
235 3284 385 3349 factatam
403 3285 496 3337 iurare
515 3284 545 3336 in
563 3282 648 3337 verba
667 3285 748 3350 affert
763 3285 848 3337 Prisc.
865 3288 908 3350 18,
922 3287 978 3338 210

51 3361 64 3422 ἴ,
84 3361 117 3409 11
209 3355 227 3407 9
251 3355 374 3424 agitaret
397 3357 433 3426 Q
454 3355 504 3426 Q,
534 3354 651 3425 agitarit
674 3357 717 3407 da
808 3354 844 3407 12
868 3355 923 3407 uiri
941 3357 978 3426 Q

51 3447 72 3492 1.,
86 3426 237 3497 uiriqu
287 3424 325 3480 14
335 3427 554 3498 quaeretQQ,
570 3425 778 3495 quaeritABrr
829 3425 865 3480 15
878 3425 977 3480 offensi

51 3500 116 3624 {V
130 3500 148 3552 i.
168 3499 279 3566 Poqrt„
299 3497 422 3552 offensae
440 3499 476 3568 Q
493 3498 531 3570 Q
550 3501 596 3553 Pe.
616 3499 717 3566 Porph.
785 3496 819 3550 17
840 3500 872 3551 tu
890 3499 926 3568 Q
939 3497 978 3570 Q

70 3572 96 3639 .)‚
115 3573 205 3623 0111Φ

52 3697 148 3739 asama,
162 3688 196 3726 ed.
207 3687 343 3727 Vollmer.
364 3687 407 3726 Ed.
416 3687 494 3727 maior.
783 3681 814 3728 ll
