2400 3968
255 346 404 389 somnum
427 325 594 389 reducent:
618 345 751 389 somnus
774 325 949 412 agrestium

254 413 337 479 lenis
360 414 505 478 virorum
527 435 594 477 non
616 412 751 477 humilis
775 414 890 479 domos

298 502 427 567 fastidit
448 501 699 589 umbrosamque
721 503 842 588 ripam,

342 614 408 657 non
431 591 589 676 Zephyris
613 592 736 678 agitata
758 591 888 678 Tempe.

254 734 488 799 desiderantem
512 734 600 819 quod
623 733 702 798 satis
726 738 776 799 est
798 756 903 819 neque

252 824 491 888 tumultuosum
515 822 670 887 sollicitat
692 845 781 887 mare

231 980 233 983 .
297 934 356 976 nec
380 934 492 977 saevos
515 913 648 976 Arcturi
671 912 816 977 cadentis

341 1001 481 1086 impetus
505 1005 561 1065 aut
584 1000 719 1066 orientis
742 1002 861 1088 Haedi,

251 1165 318 1208 non
340 1143 527 1208 verberatae
549 1143 706 1230 grandine
728 1143 842 1208 uineae

253 1233 437 1317 fundusque
459 1233 599 1296 mendax
621 1232 736 1297 arbore
759 1255 845 1298 nunc
869 1255 967 1318 aquas

297 1322 460 1407 culpante,
482 1343 568 1385 nunc
591 1321 749 1385 torrentia
772 1343 868 1410 agros
951 1357 953 1361 ·

340 1411 457 1496 sidera,
480 1433 566 1475 nunc
589 1411 711 1476 hiemes
734 1411 872 1495 iniquae.

250 1558 414 1618 contracta
436 1554 541 1638 pisces
565 1575 705 1638 aequora
728 1554 873 1619 sentiunt

251 1642 344 1706 iactis
367 1643 401 1706 in
425 1643 527 1706 altum
551 1643 706 1708 molibus:
729 1643 793 1708 huc
816 1643 967 1728 frequens

295 1735 460 1796 caementa
483 1732 626 1796 demittit
648 1732 834 1817 redemptor

339 1843 412 1885 cum
435 1821 566 1886 famulis
590 1821 803 1907 dominusque
827 1825 932 1886 terrae

249 1963 449 2029 fastidiosus:
473 1963 528 2028 sed
550 1963 663 2028 Timor
686 1968 718 2028 et
740 1963 849 2028 Minae

250 2053 408 2117 scandunt
430 2053 556 2136 eodem,
581 2074 644 2136 quo
668 2052 833 2138 dominus,
855 2074 960 2138 neque

294 2141 420 2206 decedit
442 2145 551 2205 aerata
573 2141 699 2206 triremi
722 2143 797 2225 (et)

337 2235 413 2316 post
435 2230 577 2316 equitem
601 2231 690 2296 sedet
713 2235 784 2294 atra
808 2230 901 2296 Cura.

249 2373 365 2459 quodsi
388 2374 552 2437 dolentem
574 2394 633 2437 nec
656 2372 820 2460 Phrygius
844 2374 928 2459 lapis

246 2485 306 2528 nec
328 2485 544 2548 purpurarum
568 2461 672 2526 sidere
695 2462 812 2527 clarior

293 2552 413 2617 delenit
436 2574 513 2617 usus
536 2573 595 2615 nec
618 2550 754 2615 Falerna

293 2698 296 2704 .
337 2640 414 2706 vitis
437 2640 754 2724 Achaemeniumque
778 2645 918 2727 costum,

248 2806 305 2848 cur
327 2783 509 2848 invidendis
532 2782 682 2867 postibus
705 2787 738 2847 et
760 2805 845 2848 novo

248 2872 386 2937 sublime
408 2872 475 2936 ritu
498 2872 615 2936 moliar
638 2871 778 2937 atrium?

292 2983 350 3026 cur
371 2961 455 3026 valle
477 2965 658 3046 permutem
682 2959 802 3025 Sabina

336 3051 465 3116 divitias
490 3050 712 3134 operosiores?

157 3210 367 3281 Q2ABDE
435 3207 572 3279 ΘεΙίΦ

158 3334 196 3389 tt
216 3333 342 3387 demittit
359 3335 395 3405 Q
412 3332 463 3405 Q,
483 3332 604 3385 dimittit
622 3333 706 3387 ΒΕ).
777 3331 817 3386 39
836 3334 865 3387 et
883 3350 934 3388 cm.
948 3334 999 3406 Q,
1017 3331 1097 3419 (ΒΘ

85 3412 173 3476 potest
198 3406 336 3472 dubitari,
364 3421 425 3459 cum
448 3406 480 3458 irs
503 3406 546 3457 ὃπ
570 3405 629 3458 loca
652 3411 802 3460 cernantur
822 3422 905 3472 rasa;
932 3413 1001 3462 certe
1026 3407 1100 3462 toea

87 3495 171 3547 neque
190 3478 222 3531 in
235 3477 264 3532 R
282 3494 366 3546 aeque
384 3479 416 3530 in
436 3479 459 3530 Φ
479 3477 507 3528 et
526 3477 626 3545 ἱερέων
689 3473 727 3530 48
745 3475 860 3530 Delenit
877 3477 914 3548 Q
925 3476 978 3550 Q,
996 3476 1102 3533 Delinit

89 3552 148 3604 ΦΒ
205 3547 314 3602 falerna
332 3549 369 3618 Q
385 3548 436 3620 Q,
456 3546 583 3600 taleruae
597 3547 695 3601 ΗΕΒ
753 3545 792 3600 44
806 3546 881 3602 Vitis
899 3547 950 3620 Θ,
969 3547 1052 3605 Vites
1069 3549 1103 3623 Q

514 3693 676 3704 -ιυ--ι
