2400 3968
307 223 444 279 cartul
463 230 506 278 22.

356 385 458 451 XXII.

103 510 234 597 Integer
257 506 342 575 vitae
366 512 557 595 scelerisque
580 533 681 595 purus

102 622 168 666 non
191 605 265 686 eget
288 601 408 666 Mauris
432 600 545 665 iaculis
567 622 671 684 neque
694 621 769 665 arcu

102 711 160 754 nec
184 692 348 755 venenatis
373 689 505 775 gravida
528 690 670 776 sagittis,

145 779 261 861 Fusco,
284 779 448 862 pharetra,

100 939 169 1003 sive
192 961 250 1023 per
274 938 378 1024 Syrtis
402 940 464 1003 iter
487 941 649 1003 aestuosas

100 1029 169 1093 sive
192 1029 336 1093 factiuns
360 1050 418 1112 per
441 1026 670 1110 inhospitalem

102 1117 280 1182 Caucasum
304 1118 356 1181 vel
379 1139 460 1202 quae
483 1115 554 1181 loca
576 1115 742 1181 fabulosus

146 1207 261 1270 lambit
284 1206 460 1291 Hydaspes.

100 1389 240 1450 namque
263 1388 314 1429 me
338 1366 419 1430 silva
441 1366 537 1449 lupus
560 1367 595 1429 in
618 1364 750 1447 Sabina,

100 1456 176 1519 dum
201 1478 306 1519 meam
330 1461 424 1519 canto
448 1454 590 1540 Lalagen
614 1459 646 1518 et
668 1453 754 1519 ultra
889 1482 915 1521 lo

100 1545 275 1608 terminum
299 1546 383 1610 curis
407 1566 507 1629 vagor
530 1543 701 1628 expeditis,

144 1634 231 1720 fugit
253 1634 420 1717 inermem3

100 1793 195 1877 quale
218 1798 405 1876 portentum
428 1815 532 1876 neque
555 1792 706 1856 militaris

101 1883 244 1947 Daunias
267 1883 342 1947 latis
366 1882 424 1946 alit
448 1880 615 1946 aesculetis

100 1993 159 2035 nec
181 1970 280 2036 Iubae
304 1972 399 2035 tellus
423 1975 567 2057 generat,
590 1971 720 2036 leonum
889 1995 913 2037 ιι

145 2061 234 2124 arida
255 2061 374 2124 nutrix.

99 2242 183 2305 pone
206 2243 257 2285 me
279 2221 381 2305 pigris
404 2221 460 2284 ubi
483 2219 574 2284 nulla
596 2221 717 2304 eampis

101 2310 197 2375 arbor
219 2311 341 2375 aestiva
363 2315 524 2374 recreatur
547 2331 636 2390 aura,

100 2399 187 2482 quod
210 2399 295 2463 latus
319 2400 431 2463 mundi
453 2398 589 2461 nebulae
612 2397 779 2482 malusque

145 2486 291 2572 luppiter
313 2493 422 2574 urget3
885 2514 911 2552 so

99 2670 184 2731 pone
208 2648 266 2712 sub
291 2672 385 2713 curru
409 2649 544 2712 nimium
567 2648 742 2730 propinqui

100 2737 177 2801 solis
200 2738 234 2800 in
259 2743 344 2802 terra
367 2737 516 2802 domibus
539 2742 668 2821 negata:

101 2826 192 2890 dulce
215 2826 372 2891 ridentem
395 2826 538 2912 Lalagen
561 2825 689 2908 amabe,

145 2915 236 2980 dulce
258 2915 452 3000 loquentem.

47 3073 175 3128 tBDE
244 3075 380 3145 ΘεΙίΦ

47 3215 99 3270 -8
115 3218 148 3271 ob
161 3219 323 3271 sententiam
336 3217 416 3283 offert
431 3216 721 3282 aceruatarum
771 3214 789 3268 2
804 3214 909 3268 mauris

48 3288 104 3343 md.
119 3289 199 3342 achel.
214 3291 242 3341 Γ
259 3289 373 3357 (Laut),
391 3287 482 3341 mauri
502 3304 518 3346 ς
610 3287 644 3340 ll
665 3287 805 3355 expeditis
819 3287 855 3357 Q)
872 3285 910 3358 Θ

48 3360 127 3428 arpii„
146 3359 292 3427 expeditus
309 3375 325 3416 ς
381 3358 417 3412 18
435 3360 577 3412 recreatur
591 3375 660 3411 aura
678 3359 714 3428 (D
727 3357 765 3430 Θ
782 3359 861 3412 schol.
873 3360 908 3424 A,

52 3431 154 3484 umbra
173 3433 224 3498 (bis
243 3432 374 3484 Victoria.
389 3448 501 3499 urorum.
521 3430 565 3482 VI
582 3435 642 3496 157,
661 3433 688 3498 4)

48 3717 83 3760 ns,
97 3708 131 3747 ed.
142 3707 276 3747 Vollmer.
296 3708 338 3747 Ed.
348 3708 427 3747 maior.
