2400 3968
423 225 528 280 SERM.
548 226 603 282 Ie.
959 223 1022 289 181

86 395 166 437 irum
189 372 328 437 furimus
351 396 407 438 ves
431 373 616 438 incrustare.
662 373 783 458 probus
807 372 880 456 quis

88 484 173 527 scum
196 463 286 546 vivit,
310 465 448 528 multum
473 462 630 529 demissus
650 462 764 527 homo:
788 462 838 526 illi

89 552 120 616 o'
146 573 334 637 cognomen,
358 552 495 637 ‘pingui'
519 552 639 617 demus.
680 551 732 616 hie
756 552 843 638 fugit
866 552 970 616 omnis

91 641 138 705 ias
160 641 308 725 nullique
330 642 416 706 malo
439 641 525 706 latus
549 641 641 706 obdit
664 646 820 725 apertum,

102 752 202 815 genus
224 731 288 795 hoo
310 730 395 795 inter
418 731 503 795 vitae
526 735 681 814 versetur,
703 731 760 795 ubi
783 731 866 796 acris
999 755 1025 795 eo

91 821 247 904 licetque
270 819 383 905 vigent
406 820 462 884 ubi
486 821 632 886 erimina:
656 843 714 904 pro
738 820 820 884 bene
843 842 921 885 sano

92 931 128 972 on
151 909 282 974 incauto
306 911 417 974 fictum
442 914 650 993 astutumque
673 931 833 974 vocamus.

91 998 183 1063 lieior
206 999 279 1083 quis
304 1003 335 1062 et
359 1003 416 1084 est,
440 999 567 1083 qualem
591 1021 643 1063 me
666 1020 761 1084 saepe
784 998 922 1063 libenter

92 1088 176 1152 lerim
200 1088 272 1172 tibi,
295 1086 471 1172 Maecenas,
494 1093 532 1153 ut
554 1090 638 1153 forte
660 1088 821 1173 legentem

92 1177 217 1242 tacitum
240 1177 375 1262 inpellat
398 1179 512 1263 quovis
536 1199 694 1244 sermone:
719 1177 885 1242 ‘molestus
998 1201 1023 1242 es

93 1267 167 1331 nuni
191 1288 287 1332 sensu
310 1267 405 1351 plane
428 1267 526 1332 caret'
550 1268 723 1352 inquimus,
769 1266 859 1349 eheu,

93 1379 102 1420 1
124 1360 244 1421 temere
267 1357 302 1421 in
324 1360 451 1422 nosmet
472 1358 577 1442 legem
602 1357 763 1422 sancimus
786 1356 938 1439 iniquam.

102 1446 190 1510 vitiis
213 1467 307 1511 nemo
332 1446 400 1511 sine
423 1446 579 1530 nescitum
603 1446 744 1530 optimus
768 1445 822 1509 ille
847 1449 903 1529 est,

94 1536 220 1600 uinimis
239 1539 382 1620 urgetur.
414 1537 534 1601 amicus
550 1536 660 1619 dulcis,
679 1539 716 1599 ut
731 1557 867 1618 aequom
882 1538 940 1619 ast,

101 1647 172 1689 mea
196 1629 372 1709 conpensat
393 1625 482 1690 vitiis
505 1626 600 1710 bona,
621 1624 769 1709 pluribus
791 1624 895 1707 hisee,
998 1648 1024 1690 io

94 1714 150 1779 odo
174 1715 269 1798 plura
291 1714 372 1779 mihi
394 1714 481 1778 bona
504 1719 588 1798 sunt,
611 1713 753 1798 inclinet,
777 1714 878 1778 amari

94 1803 154 1868 let:
177 1803 238 1867 hac
261 1804 332 1891 lege
355 1804 390 1868 in
412 1805 535 1868 trutina
557 1808 697 1888 ponetur
721 1804 838 1867 eadem.

94 1913 122 1956 ie
145 1893 313 1958 tuberibus
335 1893 475 1977 propriis
499 1893 640 1958 offendat
664 1893 802 1957 amicum

95 1982 156 2065 ilat,
180 1981 326 2067 ignoscet
349 1984 489 2048 verrucis
513 1982 615 2046 illius:
639 2003 775 2066 aequom
799 1987 848 2046 est

95 2072 142 2135 tis
169 2072 292 2136 venium
315 2076 501 2156 poscentem
525 2072 656 2136 reddere
679 2093 799 2135 rursus.
997 2095 1022 2137 u

95 2182 148 2244 ue,
173 2166 330 2244 quatenus
355 2162 457 2226 excidi
480 2162 610 2245 penitus
633 2162 749 2225 vitium
773 2161 848 2244 irae,

95 2273 109 2313 a
131 2250 210 2314 item
232 2254 397 2334 nequeunt
422 2251 529 2316 stultis
553 2250 727 2335 haerentia,
751 2271 809 2314 cur
829 2271 896 2314 non

95 2339 198 2404 eribus
222 2339 428 2423 modulisque
452 2340 518 2404 suis
541 2342 624 2404 ratio
649 2341 753 2404 utitur
776 2361 814 2404 ac
837 2361 887 2404 res

95 2450 208 2512 raeque
232 2433 288 2512 est,
311 2430 358 2492 ita
381 2429 547 2513 suppliciis
571 2428 688 2495 delicta
709 2429 855 2493 coercet?

96 2539 104 2580 s
128 2539 201 2582 eum
226 2541 361 2604 servom,
383 2522 526 2603 patinam
552 2519 608 2602 qui
631 2518 744 2583 tollere
766 2525 872 2582 iussus
994 2543 1022 2583 eo

96 2672 274 2754 bonnm
343 2685 442 2758 omo

96 2836 111 2890 6
125 2835 244 2890 furimus
256 2837 344 2903 Gotb,
358 2836 483 2906 fugimus
493 2838 530 2902 B,
545 2836 674 2906 cupimus
684 2837 802 2892 aDEe
866 2836 1021 2890 incrustare

97 2909 191 2977 ’orpb.,
209 2907 352 2962 ineurtare
366 2910 477 2975 BDE3
498 2907 683 2980 (ineuntem)
698 2908 836 2975 minuere
856 2906 961 2962 lectum
978 2910 1022 2961 est

97 2981 208 3033 rustare
231 2981 311 3034 schol.
331 2981 392 3034 PV
478 2978 514 3033 67
540 2979 583 3032 illi
601 2981 638 3050 Q
655 2979 693 3052 Q
712 2981 823 3048 Porpb,
847 2978 895 3033 ille
914 2980 1018 3033 Buteo.

97 3054 186 3105 rsetur
203 3051 240 3122 Q
257 3051 307 3123 Q,
335 3067 480 3104 uersemur
499 3052 603 3108 Blaud.
623 3068 656 3104 ea
678 3052 779 3106 scholio
798 3051 877 3120 quale
900 3051 1023 3104 echols

112 3124 162 3193 Q,
190 3122 324 3192 (mantel
414 3123 451 3176 66
476 3122 606 3191 impellat
628 3124 664 3193 Q
681 3123 720 3194 Q
738 3122 854 3187 Buce,
883 3121 1021 3190 impediat

98 3211 126 3264 p,
151 3193 277 3262 appellet
295 3195 451 3249 Lambinus
472 3195 517 3262 (cf.
537 3193 725 3263 appellauerit
743 3195 774 3246 iu
790 3194 890 3261 Porpb.
906 3194 924 3245 ι’.
939 3193 1019 3246 sebol.

124 3265 259 3320 molestus
273 3266 309 3335 Q
319 3267 420 3334 Porpb.
433 3267 546 3334 (trebel.
555 3267 632 3335 PV),
646 3266 790 3318 modestus
803 3268 826 3317 Φ
885 3263 923 3317 66
934 3295 967 3303 -
978 3262 1020 3316 in-

100 3355 113 3391 s
132 3339 165 3392 ob
184 3338 256 3392 bauo
273 3340 362 3406 ipsam
381 3337 498 3403 fumum
513 3338 594 3404 affert
608 3337 726 3406 Eutyeb.
742 3353 854 3406 prooem.
871 3336 898 3388 V
908 3339 969 3400 480,
983 3338 1021 3388 20

119 3411 237 3534 lacu
500 3408 1021 3548 ilsrssnlluustblslt

97 3521 211 3622 Porpu'.)
262 3550 711 3623 teignoseetQQ,ignoscetB
764 3549 1020 3605 se-soomum

97 3625 197 3678 utenus
220 3623 269 3694 Q,
290 3622 423 3691 quatinus
444 3626 467 3676 Φ
