2386 3974
458 203 569 260 EPIST.
589 205 602 258 I
622 211 647 258 4.
667 211 692 259 5.
1020 205 1088 270 259

63 372 107 413 an
130 349 266 413 tacitum
290 350 387 413 silvas
411 350 495 414 inter
517 354 643 434 reptare
667 349 805 414 salubris

65 442 232 502 curantem
256 439 415 522 quidquid
438 438 573 525 dignum
597 441 742 524 sapiente
765 439 916 522 bonoque
940 440 1009 503 est?
1061 465 1073 505 1

62 550 132 592 non
154 531 191 591 tu
215 548 331 611 corpus
355 549 424 592 eras
448 529 516 592 sine
539 533 681 612 pectore:
706 528 738 592 di
761 527 824 591 tibi
846 528 1000 612 formam,

64 617 96 680 di
121 616 184 680 tibi
207 617 336 681 divitias
360 618 517 681 dederunt
540 621 705 701 artemque
729 617 864 681 fruendi.
953 651 963 671 ··

64 706 143 789 quid
166 710 283 770 voveat
305 706 391 770 dulci
413 707 576 770 nutricula
598 706 702 771 maius
726 705 871 791 alumno,

64 796 121 878 qui
145 816 255 879 sapere
271 799 311 859 ‘et
334 795 396 859 fari
419 797 524 879 possit
547 818 627 879 quae
652 797 770 860 sentiat
793 800 826 860 ct
850 797 902 860 cui

63 886 171 970 gratia
193 885 280 947 fama
302 885 453 949 valetudo
478 886 646 970 contingat
669 885 794 948 abunde
1047 911 1073 950 ro

64 977 97 1037 et
120 973 259 1037 mundus
282 974 388 1038 victus
411 996 478 1038 non
501 974 668 1039 deficiente
692 973 858 1037 crumina?

63 1063 151 1126 inter
174 1085 264 1146 spem
288 1084 475 1146 curamque,
497 1064 632 1127 timores
656 1063 740 1127 inter
764 1067 796 1126 et
819 1062 884 1126 iras

65 1174 194 1215 ornnem
219 1152 310 1216 crede
335 1152 419 1216 diem
443 1151 505 1215 tibi
529 1152 683 1216 diluxisse
708 1173 906 1235 supremum:

63 1245 156 1326 grata
179 1241 397 1324 superveniet,
420 1263 502 1324 quac
524 1263 591 1305 non
614 1241 797 1325 sperabitur
819 1241 908 1305 hora.

63 1353 116 1394 me
135 1329 290 1415 pinguem
313 1333 347 1394 et
369 1331 508 1394 nitidum
532 1330 613 1394 bene
637 1334 748 1394 curata
771 1333 844 1393 cute
867 1330 965 1412 vises,
1049 1355 1073 1396 1

64 1440 137 1482 curn
162 1420 265 1483 ridere
286 1419 389 1502 voles,
412 1419 548 1503 Epicuri
572 1420 611 1483 de
634 1441 731 1504 grege
754 1440 897 1502 porcum.

556 1703 595 1768 V.

64 1809 99 1874 Si
122 1814 214 1894 potes
238 1808 407 1874 Archiacis
431 1812 567 1875 conviva
588 1812 774 1876 recumbere
797 1812 890 1875 lectis

63 1922 123 1964 nec
146 1900 273 1965 modica
295 1921 408 1964 cenare
430 1901 526 1964 times
549 1900 644 1964 holus
668 1922 763 1964 omne
786 1901 915 1984 patella,

63 2011 214 2073 supremo
238 1993 270 2053 te
294 1989 361 2053 sole
385 1990 481 2072 domi,
505 1988 677 2073 Torquate,
700 1990 845 2054 manebo.

62 2079 139 2142 vina
161 2079 253 2142 bibes
277 2078 394 2143 iterum
418 2078 524 2142 Tauro
549 2078 664 2142 diffusa
686 2079 840 2161 palustris

62 2169 149 2230 inter
171 2166 353 2231 Minturnas
378 2165 671 2250 Sinuessanumque
694 2166 871 2231 Petrinum.
1061 2195 1073 2233 5

64 2259 92 2320 11
117 2255 232 2320 melius
256 2257 334 2340 quid
357 2257 465 2341 habes,
489 2278 627 2337 arcesse,
649 2257 703 2319 vel
724 2257 897 2340 imperium
920 2255 976 2320 fer.

61 2345 251 2410 iamdudum
275 2346 421 2429 splendet
443 2346 535 2410 focus
559 2350 591 2410 et
615 2345 676 2409 tibi
699 2345 819 2409 munda
842 2347 996 2429 supellex.

62 2435 157 2498 mitte
179 2435 260 2498 levis
284 2457 357 2518 spes
381 2439 414 2498 et
438 2434 613 2499 certamina
636 2433 821 2498 divitiarum
1011 2441 1014 2449 '

62 2527 95 2587 et
117 2523 244 2588 Moschi
267 2545 408 2587 causam:
433 2546 501 2587 cras
524 2527 601 2587 nato
626 2521 759 2587 Caesare
782 2523 884 2588 festus

63 2613 118 2676 dat
140 2615 268 2677 veniam
292 2635 505 2696 somnumque
529 2614 610 2696 dies,
632 2613 754 2696 inpune
776 2613 887 2677 licebit
1047 2639 1073 2678 ro

62 2702 218 2765 aestivam
242 2724 389 2766 sermone
412 2703 553 2788 benigno
577 2703 706 2766 tendere
729 2706 866 2767 noctem.

63 2813 127 2875 quo
151 2791 233 2854 mihi
256 2792 429 2875 fortunam,
453 2791 480 2854 si
503 2813 570 2855 non
593 2791 780 2856 conceditur
803 2793 872 2856 uti?

134 2949 267 3018 &Aa
336 2949 472 3020 open

135 3087 166 3162 4,
186 3090 203 3144 ὅ
223 3091 353 3158 bonoque
371 3091 408 3161 Q
421 3091 471 3162 Θ,
490 3092 652 3159 bonumque
672 3090 725 3145 Rrr
792 3090 811 3144 6
831 3107 892 3144 eras
910 3091 947 3161 Q
960 3090 1010 3162 Q,
1031 3091 1086 3143 eris

61 3163 224 3217 Praedicow
307 3164 321 3216 7
344 3163 483 3216 dederunt
500 3163 537 3233 Q
549 3162 588 3234 Q
606 3163 711 3218 Blcud.
727 3163 807 3217 schol.
822 3167 855 3229 P,
882 3162 1021 3216 dederant
1034 3162 1086 3221 Ες

63 3234 84 3287 c
104 3231 159 3297 Qui
177 3234 214 3304 Q
226 3234 265 3305 Q
279 3235 383 3289 Bluud.
400 3235 501 3302 Porpb.
518 3237 546 3303 (i.
560 3235 641 3288 acbot.
656 3235 717 3288 ΓΡ
730 3251 759 3302 p.
773 3237 840 3301 227,
860 3235 919 3303 17),
939 3231 1013 3297 Quin
1028 3234 1085 3302 Ap

62 3305 243 3359 1111111111
257 3305 294 3375 Q
306 3305 356 3377 Q,
375 3305 476 3358 modus
496 3308 577 3373 11Φ,
597 3306 697 3358 domus
716 3307 745 3359 et
759 3305 877 3375 Bentley
934 3304 983 3359 15.
1000 3303 1085 3359 111

60 3377 225 3432 scatentem
239 3378 318 3431 Hier.
334 3378 395 3432 edo.
411 3378 646 3444 11111111212
665 3378 774 3448 (Mipae
792 3380 838 3443 23,
857 3377 922 3444 302)

135 3445 169 3519 ὅ,
189 3444 208 3500 4
226 3447 363 3517 palustris
381 3449 418 3519 Q
431 3448 469 3520 Q
483 3450 584 3517 Porpb.
601 3449 629 3517 (a'.
641 3449 722 3503 schol.
733 3449 821 3572 PEp,
838 3446 960 3516 palustri
978 3446 1084 3515 1111111)

62 3518 99 3573 11
120 3518 267 3573 Aestiuam
285 3521 321 3590 Q
334 3520 372 3592 Q
386 3521 497 3589 Porpb,
520 3519 697 3579 1111111111,-
770 3518 786 3572 1
827 3517 970 3572 lortrmam
988 3519 1025 3588 Q
1038 3519 1085 3591 Q,

60 3589 177 3644 fortuna
197 3592 258 3657 Rs,
286 3593 360 3647 aude
378 3590 505 3645 fortunas
526 3609 542 3650 ς

873 3683 926 3732 lt*
