2400 3968
88 258 152 321 116
484 254 593 310 GARM.
608 253 660 308 IIII
679 261 702 309 1.

154 408 199 486 et,
223 402 415 486 quandoque
438 402 602 486 potentior

198 491 282 576 largi
304 489 492 555 muneribus
515 490 623 554 riserit
645 489 773 572 aemuli,

155 579 300 646 Albanos
322 583 476 665 prepete
498 579 587 643 lacus

87 697 114 736 eo
199 673 299 753 ponet
321 690 534 734 marmoream
558 667 617 732 sub
640 667 733 730 trabe
756 668 864 731 citrea.

158 829 227 894 illic
249 829 390 914 plurima
413 828 545 893 naribus

201 919 298 983 duces
317 922 391 982 tura
412 918 565 1003 lyraeque
588 921 621 982 et
643 917 854 1001 Berecyntiae

158 1007 357 1072 delectabere
380 1007 479 1071 tibiae

200 1095 311 1160 mixtis
335 1095 530 1161 carminibus
552 1117 619 1161 non
641 1095 711 1161 sine
733 1094 857 1180 fistula3

90 1282 116 1322 ao
158 1256 226 1320 illic
249 1256 299 1320 bis
322 1256 414 1340 pueri
437 1255 488 1319 die

202 1366 321 1410 numen
345 1367 417 1409 cum
440 1345 559 1408 teneris
582 1343 762 1430 virginibus
786 1348 878 1410 tuom

157 1434 325 1499 laudentes
348 1434 428 1519 pede
452 1433 588 1498 candido

202 1523 237 1586 in
260 1544 381 1587 morem
405 1520 529 1586 Salium
551 1526 601 1586 ter
624 1523 769 1605 quatient
792 1521 929 1586 humum.

158 1705 209 1747 me
232 1705 291 1747 nec
313 1684 433 1747 femina
455 1704 516 1747 nec
536 1703 617 1767 puer

93 1799 120 1839 eo
205 1773 269 1836 iam
292 1793 352 1836 neo
375 1793 447 1856 spes
470 1771 570 1836 animi
593 1770 723 1836 credula
746 1770 853 1835 mutui

159 1883 219 1926 nec
242 1865 363 1925 certare
386 1861 476 1924 iuvat
498 1882 587 1925 mero

205 1972 264 2014 nec
286 1950 409 2015 vincire
430 1950 524 2014 novis
547 1953 693 2032 tempora
715 1948 860 2013 floribus,

161 2110 217 2174 sed
241 2132 297 2174 our
319 2110 396 2192 heu,
419 2109 587 2195 Ligurine,
610 2131 667 2173 cur

205 2203 315 2263 manat
338 2221 410 2262 rara
432 2220 520 2263 meas
543 2199 675 2262 lacrima
697 2219 755 2282 per
778 2197 899 2282 genas?

94 2315 120 2354 eo
162 2309 219 2352 cur
241 2288 378 2353 facunda
401 2311 515 2371 parum
538 2287 654 2352 decoro

206 2379 291 2441 inter
312 2377 410 2442 verba
432 2377 519 2441 cadit
541 2376 654 2462 lingua
676 2375 829 2441 silentio?

163 2538 329 2602 nocturnis
353 2559 413 2622 ego
437 2536 570 2603 somniis

208 2627 273 2690 iam
297 2632 426 2711 ceptum
449 2631 557 2708 teneo,
580 2626 644 2689 iam
666 2624 831 2690 volucrem
855 2645 969 2707 sequor

165 2719 198 2780 te
220 2737 277 2800 per
301 2717 447 2801 gramina
469 2715 579 2779 Martii

98 2829 123 2868 eo
209 2805 327 2888 campi,
352 2808 385 2869 te
408 2826 466 2888 per
489 2826 601 2888 aquas,
624 2803 715 2886 dure,
738 2802 901 2867 volubilia.

169 2963 333 3033 &Ano
401 2961 538 3035 (mne

172 3103 209 3158 18
224 3103 308 3173 Largi
322 3105 370 3175 Q,
385 3104 484 3173 Largis
497 3104 535 3175 Q
590 3103 628 3157 20
643 3103 730 3157 citrea
743 3103 780 3173 Q
793 3104 895 3172 Porpb.
906 3105 937 3172 (i.
947 3104 1009 3158 ecto

99 3191 204 3244 cypreo
277 3193 310 3230 cx
329 3182 355 3241 1,
374 3182 400 3242 1,
420 3181 454 3230 13
528 3174 564 3228 22
583 3175 716 3243 lyraeque
736 3179 765 3228 et
783 3173 964 3243 berecyntiae
983 3175 1008 3227 d.

99 3246 183 3371 {tibia
203 3249 230 3302 R
249 3247 295 3316 (9¹)
318 3248 354 3318 Q
375 3248 426 3319 Q,
454 3247 571 3314 lyraque
596 3249 624 3300 et
647 3245 810 3314 berecyntia
833 3245 861 3299 d.
880 3245 954 3299 tibia
976 3246 1009 3301 Bi

118 3317 136 3371 8
156 3318 288 3386 quatient
303 3319 361 3385 Οπ,
382 3318 514 3387 quatiunt
527 3319 563 3388 Q
575 3318 613 3389 Q
685 3317 734 3371 35.
750 3316 787 3370 36
806 3319 839 3372 ot
857 3319 1009 3372 secuntiae

98 3391 172 3444 Sero.
188 3391 257 3444 Aen.
274 3394 300 3455 4,
315 3394 350 3444 76
440 3389 475 3443 37
497 3406 548 3458 ego
573 3388 688 3442 somniis
706 3389 742 3459 Q
759 3388 810 3460 Q,
838 3404 891 3458 ego
910 3391 940 3443 te
959 3404 1009 3442 son

99 3459 148 3517 89.
169 3458 208 3514 40
227 3463 260 3517 ob
279 3478 334 3514 rem
347 3462 449 3530 Porpb.
465 3463 502 3515 od
520 3479 595 3515 serui.
610 3465 638 3526 2,
653 3467 678 3526 1,
693 3464 711 3513 8
