2400 3968
86 189 152 254 252
501 187 611 243 EPIST.
631 189 645 243 1
664 195 687 243 1.

141 339 261 418 quanto
286 335 407 399 devites
431 335 530 398 animi
554 335 732 419 capitisque
754 335 866 400 labore

100 450 126 490 re
141 423 283 511 (inpiger
306 428 466 489 extremos
490 425 774 489 curris'mercator
798 425 839 488 ad
861 423 974 511 Indos,

140 536 197 598 per
224 535 312 578 mare
337 513 524 598 pauperiem
547 515 689 599 fugiens,
715 535 773 597 per
795 536 886 600 saxa,
913 538 973 600 per
995 515 1093 603 ignis):

140 625 180 667 ne
203 624 295 667 cures
319 625 356 666 ea
379 625 461 686 quae
484 602 583 667 stulte
605 603 732 668 miraris
756 607 788 668 et
812 608 921 689 optas,

142 693 262 757 discere
286 696 318 755 et
341 693 451 757 audire
475 696 507 756 et
529 692 656 756 meliori
679 691 806 757 credere
829 715 896 757 nou
919 693 993 760 vis?

142 782 213 866 quis
237 782 357 845 circum
381 803 482 866 pagos
506 785 538 845 et
562 781 683 846 circum
706 783 849 866 compita
871 805 1005 869 pugnax

101 896 127 937 ao
141 893 258 956 magna
281 871 429 935 coronari
452 874 637 934 contemnat
661 869 826 957 Olympia,
849 873 903 937 cui
927 895 1015 957 spes,

142 960 194 1024 cui
217 960 260 1023 sit
283 959 429 1024 condicio
454 958 556 1024 dulcis
581 960 650 1024 sine
673 960 805 1044 pulvere
828 962 977 1044 palmae?

141 1049 237 1113 vilius
261 1051 430 1134 argentum
454 1053 502 1112 est
526 1071 617 1132 auro,
640 1049 815 1113 uirtutibus
840 1073 963 1115 aurum.

142 1139 173 1202 ‘o
197 1138 296 1220 cives,
319 1138 418 1221 cives,
442 1137 623 1220 quaerenda
646 1139 783 1221 pecunia
805 1139 949 1222 primum
973 1145 1034 1225 est3

143 1228 244 1292 virtus
268 1231 342 1311 post
365 1227 541 1291 nummos':
564 1227 644 1291 haec
666 1226 763 1292 Ianus
787 1249 933 1293 summus
957 1229 998 1294 ab
1022 1231 1078 1294 imo

101 1342 126 1383 es
140 1317 307 1400 prodocet,
330 1315 409 1380 haec
431 1317 580 1380 recinunt
603 1316 733 1382 iuvenes
757 1316 879 1382 dictata
903 1341 1057 1403 senesque

142 1406 245 1470 ‘laevo
270 1407 417 1488 suspensi
439 1405 564 1470 loculos
583 1405 791 1490 tabulamque
813 1408 956 1472 lacerto?

101 1520 127 1561 aa
143 1498 191 1559 est
214 1496 340 1558 animus
364 1495 440 1577 tibi,
464 1499 539 1559 sunt
562 1517 667 1560 mores
691 1499 722 1560 et
745 1495 858 1582 lingua
879 1497 1038 1584 fidesque,

102 1584 197 1651 used
221 1583 462 1669 quadringentis
487 1605 542 1647 sex
566 1588 688 1667 septem
712 1584 803 1649 milia
826 1586 955 1651 desunt:

141 1675 233 1758 plebs
257 1673 328 1737 eris.
374 1677 408 1737 at
431 1674 522 1757 pueri
545 1672 692 1738 ludentes
716 1675 784 1739 ‘rex
807 1675 881 1740 eris’
907 1676 1014 1762 aiunt,

102 1789 128 1829 oo
143 1764 183 1827 ‘si
205 1765 291 1826 recte
314 1762 432 1827 facies.'
479 1763 530 1828 hic
554 1785 664 1827 murus
687 1786 804 1828 aeneus
827 1767 911 1829 esto:

142 1853 189 1916 nil
213 1852 354 1916 conscire
378 1853 453 1934 sibi,
476 1851 567 1915 nulla
588 1851 762 1936 pallescere
785 1855 886 1934 culpa.

142 1940 272 2022 Roscia,
296 1941 347 2005 dio
371 1941 476 2022 sodes,
500 1940 614 2005 melior
636 1943 690 2005 lex
712 1965 753 2006 an
776 1964 951 2026 puerorum
975 1948 1025 2009 est

142 2031 251 2115 nenia,
275 2052 356 2112 quae
378 2052 515 2116 regnum
538 2034 625 2096 recte
648 2031 841 2096 facientibus
866 2032 975 2117 offert,

143 2123 175 2183 et
197 2121 340 2184 maribus
365 2117 471 2183 curiis
495 2123 527 2182 et
550 2120 718 2185 decantata
742 2119 909 2184 Camillis?

103 2235 128 2275 aa
143 2210 212 2273 isne
235 2209 296 2272 tibi
319 2208 434 2273 melius
459 2209 585 2290 suadet,
605 2210 661 2292 qui
686 2210 763 2273 ‘rem
787 2210 901 2295 facias,
924 2234 1007 2296 rem,

143 2300 170 2362 si
194 2300 313 2381 possis,
340 2302 441 2381 recte,
469 2299 496 2363 si
519 2321 598 2381 non,
623 2321 826 2382 quocumque
849 2300 960 2381 modo,
984 2302 1074 2386 rem,'

142 2392 178 2450 ut
201 2388 334 2471 propius
359 2392 483 2472 spectes
506 2388 676 2452 lacrimosa
698 2393 846 2472 poemata
868 2388 968 2474 Pupi3

143 2500 184 2540 an
208 2477 262 2559 qui
286 2476 448 2541 Fortunae
471 2482 503 2541 te
526 2500 715 2560 responsare
739 2479 893 2561 superbae

142 2566 280 2630 liberum
304 2570 336 2630 et
360 2571 499 2631 erectum
524 2589 674 2651 praesens
697 2567 846 2632 hortatur
869 2571 902 2632 et
924 2571 1038 2653 aptat?

103 2683 129 2722 ro
144 2656 258 2738 quodsi
281 2678 332 2720 me
355 2657 494 2740 populus
519 2655 683 2720 Romanus
707 2657 791 2720 forte
813 2661 921 2743 roget,
946 2679 1003 2722 eur

160 2849 292 2920 <nnn
361 2850 498 2921 (aaa

91 3038 94 3044 ·
161 3008 199 3063 44
223 3010 319 3063 labore
337 3011 373 3080 Q
391 3010 440 3081 Q,
465 3009 608 3079 repulsam
628 3012 704 3065 Rea
723 3029 756 3065 ca
774 3014 810 3064 43
882 3007 921 3065 48
940 3010 1056 3067 Discere
1074 3014 1107 3084 Q

89 3084 168 3136 schol.
184 3086 216 3148 Γ,
235 3081 335 3135 Dicere
349 3082 387 3153 Q
437 3081 475 3135 50
495 3082 621 3135 coronari
637 3124 678 3135 ...
695 3081 826 3150 Olympia
840 3084 873 3136 ob
887 3099 942 3136 acc.
958 3085 1047 3138 Prisc.
1064 3089 1107 3151 18,

90 3158 146 3208 284
157 3170 186 3221 p.
197 3158 260 3219 359,
272 3158 288 3206 3
326 3152 363 3206 52
377 3154 491 3219 furatus
505 3161 543 3208 cst
554 3155 711 3208 Columbae.
723 3156 798 3223 epist.
811 3157 864 3219 1,9
901 3153 940 3207 bd
950 3181 985 3199 =
995 3172 1072 3210 serm
1084 3161 1107 3221 1,

90 3230 115 3291 6,
131 3229 180 3278 74:
202 3227 302 3279 babent
314 3225 351 3294 Q
363 3224 401 3295 Q
419 3226 499 3278 schol.
514 3229 551 3290 P;
570 3226 666 3280 deiecit
683 3225 806 3296 Guyetus
824 3242 881 3279 ocu
898 3233 983 3293 recta
1002 3229 1109 3282 iocatur

91 3297 228 3351 Horatius
246 3299 393 3366 proprium
411 3297 552 3361 referendo
571 3313 677 3350 uersum
750 3296 785 3350 57
807 3302 871 3350 anic
889 3295 928 3350 58
943 3306 1058 3366 ponunt
1074 3299 1109 3370 Q

89 3368 133 3439 Q,
153 3385 246 3423 oerum
261 3369 384 3421 ordinem
397 3369 536 3422 restituere
551 3369 581 3421 E
585 3386 601 3426 ς
606 3389 616 3435 ,·
635 3370 666 3421 de
681 3368 883 3437 Porphyrionis
897 3369 1011 3424 lectione
1024 3387 1108 3439 acque

90 3457 123 3493 eoo
143 3439 268 3506 ‘Porpb’
289 3457 373 3507 oeque
392 3456 426 3493 esc
444 3439 524 3493 schol.
540 3440 601 3493 PV
616 3447 721 3494 constat
779 3442 808 3493 et
826 3439 925 3508 lingua
944 3442 980 3511 Q
994 3441 1040 3514 Q,
1067 3445 1109 3496 est

90 3509 188 3580 lingua
203 3511 254 3568 Ες
322 3510 357 3564 57
380 3509 434 3563 Sed
452 3511 488 3580 Q
501 3510 550 3581 Q,
571 3510 600 3563 Si
620 3530 637 3569 ς
699 3511 802 3565 desunt
819 3511 855 3581 Q
868 3511 918 3582 Q,
939 3512 1034 3566 desint
1048 3514 1108 3568 Fit

90 3581 129 3635 68
148 3582 268 3650 superbe
283 3598 300 3640 ς
314 3583 469 3636 Lambinus
522 3582 560 3634 ee
581 3583 661 3650 aptat
674 3583 711 3653 Q
723 3582 762 3655 Q
775 3583 890 3648 Biana,
910 3585 993 3652 optat
1008 3585 1106 3640 zGou.
