2400 3968
137 213 202 278 278
547 213 658 268 EPIST.
677 213 690 266 Ι
710 219 752 267 16.

149 385 176 426 ss
191 359 301 442 ‘ponc,
324 381 431 422 meum
455 360 529 442 est,'
552 359 673 444 inquit:
695 380 783 442 pono
807 359 978 442 tristisque
994 357 1111 423 'recedo

190 448 275 511 idem
299 448 327 511 si
351 448 468 512 clamet
490 449 608 534 furem,
630 452 727 534 negot
749 468 819 514 esse
841 448 1011 531 pudicum,

190 537 363 601 contendat
385 536 501 621 laqueo
527 538 646 602 collum
669 538 827 621 pressisse
848 541 1037 621 paternum:

189 626 337 691 mordear
360 627 545 712 opprobriis
568 626 659 691 falsis
683 630 869 710 mutemque
893 625 1040 690 colores?
1111 670 1115 674 -

188 714 290 779 falsus
311 716 417 780 honor
441 716 531 780 iuvat
554 720 587 779 et
610 715 748 779 mendax
771 716 905 798 infamia
927 719 1031 779 terret

150 829 176 869 rc
191 825 285 887 quem
297 805 359 868 nisi
369 804 558 869 mendosum
569 809 601 869 et
610 804 856 870 medicandum?
871 804 1038 869 virbonus
1048 799 1165 886 estquis?

191 893 261 975 ‘qui
285 893 432 958 consulta
454 897 598 977 patrum,
623 894 679 977 qui
701 894 790 978 leges
813 894 949 977 iuraque
973 896 1091 978 serrat,

190 1003 254 1066 quo
278 983 400 1046 multae
423 1004 622 1067 magnaeque
647 987 796 1047 secantur
819 982 924 1047 iudice
947 981 1038 1066 lites,

190 1093 255 1155 quc
277 1092 329 1135 res
353 1093 509 1155 sponsore
532 1076 564 1136 et
588 1094 652 1155 quc
678 1093 792 1137 causae
815 1075 897 1136 teste
920 1072 1093 1136 tenentur?

191 1160 247 1224 sed
270 1161 359 1224 videt
380 1161 468 1224 hunc
492 1162 596 1225 omnis
621 1161 736 1225 domus
760 1165 792 1224 et
814 1159 932 1225 vicinia
956 1164 1028 1226 tota

149 1274 176 1313 rs
191 1249 368 1313 introrsum
391 1255 534 1333 turpem,
557 1251 739 1335 speciosum
762 1249 847 1334 pelle
870 1250 996 1313 decora.

192 1339 262 1402 ‘nec
284 1339 408 1402 furtum
431 1339 495 1404 feci
517 1360 576 1403 nec
599 1339 695 1425 fugi‚'
719 1340 748 1402 si
770 1338 852 1402 mihi
875 1337 965 1402 dicat

190 1449 312 1490 servos:
338 1427 448 1492 ‘habes
470 1429 626 1513 pretium,
648 1428 727 1493 loris
750 1449 817 1492 non
839 1427 969 1510 urcris‚'
994 1427 1056 1492 aio.

190 1515 268 1581 ‘non
285 1516 450 1581 hominem
469 1517 594 1582 occidi.9
632 1519 709 1581 ‘non
727 1538 839 1601 pasces
858 1517 893 1580 in
912 1537 1008 1580 cruce
1026 1515 1148 1581 corvos’

191 1606 275 1668 ‘sum
303 1605 407 1670 bonus
436 1610 469 1669 et
490 1607 598 1692 frugi?
645 1607 753 1670 renuit
775 1607 965 1691 negitatque
990 1604 1139 1670 Sabellus.

151 1718 176 1758 sc
191 1697 304 1759 cautus
328 1696 413 1759 enim
436 1695 554 1759 metuit
577 1697 703 1760 foveam
726 1695 823 1779 lupus
846 1695 1069 1780 accipiterque

191 1787 358 1866 suspectos
381 1783 514 1868 laqueos
539 1788 570 1848 et
594 1789 742 1869 opertum
765 1784 884 1848 miluos
907 1784 1055 1849 hamum.

190 1873 327 1936 oderunt
349 1894 482 1956 peccare
505 1874 583 1938 boni
606 1875 736 1938 virtutis
759 1895 880 1939 amore:

191 1966 228 2024 tu
250 1962 333 2025 nihil
357 1963 507 2026 admittes
532 1965 567 2027 in
589 1968 621 2028 te
644 1962 818 2027 formidine
840 1983 979 2046 poenac3

191 2049 233 2115 sit
257 2073 330 2134 spes
353 2051 501 2137 fallendi,
524 2052 675 2116 miscebis
699 2074 790 2117 sacra
811 2051 967 2136 profanis.

151 2164 176 2203 55
191 2162 266 2203 narn
290 2140 328 2203 de
352 2141 440 2204 mille
464 2141 556 2205 fabae
579 2141 697 2205 modiis
721 2163 794 2205 cum
817 2141 954 2224 surripis
978 2163 1095 2225 unum,

191 2229 343 2292 damnum
367 2234 429 2312 est,
451 2225 517 2295 non
540 2230 679 2315 facinus,
702 2229 783 2295 mihi
804 2233 900 2314 pacto
923 2231 1032 2294 lenius
1058 2233 1128 2295 isto.

190 2318 240 2380 vir
254 2317 368 2403 bonna,
384 2341 477 2383 omne
492 2319 599 2384 forum
614 2342 710 2403 quern
725 2322 849 2404 spectat
859 2322 891 2383 ct
902 2340 998 2383 omne
1008 2319 1155 2401 tribunal,

192 2407 458 2491 quandocumque
483 2409 558 2472 deos
582 2409 634 2472 vel
656 2430 754 2493 porco
778 2407 829 2472 vel
852 2409 934 2472 bove
957 2409 1083 2492 placat,

193 2493 279 2559 ‘iane
302 2498 405 2579 pater’
432 2497 529 2581 clare,
552 2498 680 2580 <clare>
706 2521 779 2562 curn
802 2496 1071 2581 dixit-‘Apoll0,’

152 2609 177 2648 cc
190 2584 281 2648 labra
304 2590 412 2649 movet
435 2591 581 2650 metuens
605 2587 724 2651 audiri:
749 2586 895 2671 ‘pulchra
917 2584 1082 2672 Lauerna,

192 2673 232 2736 da
254 2674 335 2737 mihi
358 2675 483 2758 fallere,
507 2676 547 2738 da
571 2677 656 2740 iusto
682 2681 856 2759 sanctoque
880 2676 996 2758 videri,

210 2796 343 2865 &Aa
413 2797 550 2868 pano

208 2900 248 2955 40
270 2903 467 2957 medicandum
492 2905 597 2972 (mend-
618 2906 662 2974 la)
685 2906 721 2976 Q
738 2901 777 2976 Q
800 2904 925 2974 (Buca.)
946 2904 1067 2974 Pospb„
1085 2921 1155 2959 men·

138 2973 236 3027 dacem
255 2974 324 3040 21²9,
351 2974 392 3028 Α1
402 2977 488 3043 periit
560 2974 599 3029 43
621 2995 665 3031 res
689 2992 822 3045 sponsore
847 2976 964 3041 Buca,
994 2991 1155 3047 responsore

137 3046 173 3116 Q
192 3046 249 3099 Ro
321 3044 359 3100 45
382 3046 544 3115 Inprorsnm
562 3050 725 3118 archetypas
742 3049 792 3117 (sic
810 3047 895 3115 AR),
917 3047 1077 3101 introrsum
1095 3050 1156 3117 (us)

137 3125 312 3172 correxerunt
343 3119 415 3180 αΕς
447 3136 481 3172 ex
508 3121 610 3187 Porpb.
634 3122 653 3173 i.
676 3119 756 3175 schol.
779 3117 845 3185 PV,
881 3117 964 3171 Hunc
992 3135 1109 3187 prorsus
1136 3121 1157 3172 Φ

137 3186 177 3242 46
197 3189 274 3242 dicat
287 3189 378 3261 QQ,
394 3189 465 3245 dicit
475 3192 528 3246 Ra
600 3189 638 3244 49
657 3193 715 3245 sine
730 3192 852 3245 lectorate
865 3191 989 3258 exempla
1004 3191 1093 3245 Vatis.
1104 3193 1156 3245 228

173 3260 339 3330 negitatque
363 3261 452 3330 (uegit
470 3262 550 3331 negit
568 3264 653 3330 utque
672 3279 713 3330 ex.
730 3263 801 3331 Vct.)
819 3262 856 3332 Q
869 3262 1006 3315 rrBlaud.
1027 3263 1155 3331 (coempta

144 3332 254 3402 Vatia),
278 3336 366 3402 negat
389 3335 475 3399 atque
493 3333 575 3386 arco
647 3333 684 3387 51
710 3332 859 3403 suspectos
877 3333 926 3403 Q,
951 3331 1157 3404 SuspectusQ

138 3402 176 3455 55
199 3421 286 3457 unum
305 3404 342 3474 Q
359 3403 398 3476 Q
416 3405 489 3474 Aup.
516 3403 548 3457 de
566 3405 653 3458 mend.
675 3409 718 3471 12,
738 3409 773 3458 19
793 3403 893 3471 (Vino.
907 3408 951 3470 41,
966 3407 1030 3470 438,
1044 3409 1095 3473 24)
1114 3404 1158 3473 qui

138 3474 225 3528 locam
243 3483 366 3541 occurrat,
384 3491 471 3528 unam
488 3475 662 3545 Guoiapbam
734 3475 772 3529 59
792 3475 866 3529 clarc
886 3474 961 3529 clare
980 3476 1037 3529 aE
1047 3476 1126 3532 Goth.
1136 3495 1156 3538 ς,

139 3544 215 3601 clare
233 3548 313 3601 semet
331 3548 367 3617 Q
379 3546 418 3618 Q
490 3546 527 3601 61
547 3547 621 3601 iusto
641 3549 794 3615 sanctoque
812 3547 848 3617 Q
861 3547 900 3618 Q
913 3547 1034 3613 Biana,
1054 3547 1156 3600 iustum

138 3619 324 3686 sanctumque
345 3618 407 3672 Fri
1024 3631 1026 3636 '
1150 3632 1153 3638 ·
