2400 3968
88 230 130 287 Ἦ
480 222 725 278 oeconomo.
815 193 819 208 '

88 392 205 449 maneri
236 408 281 448 mc
312 408 371 448 non
402 393 550 465 saffecisse
581 409 633 449 oreo
663 393 799 463 snfftcere
825 410 913 466 posse
940 397 1014 450 cerlo
1041 396 1108 453 scio.

88 481 175 538 allnli
213 480 329 553 paidom
365 498 440 554 onae
475 482 639 554 superiores
675 483 768 540 critici
804 483 849 540 ool
886 482 1006 541 odilores
1041 483 1110 541 lene

87 574 271 628 eorrencranl
284 600 328 608 -
346 569 479 628 Benlleio
497 572 530 627 in
548 571 599 628 loc
616 571 772 628 certamine
790 573 933 629 neminem
947 573 1109 644 deripuisse

86 659 219 731 palmam
235 660 343 716 scimns
355 659 497 732 philolopi
511 691 563 731 -,
576 661 762 731 pancissima
774 662 838 732 ipse
851 663 996 733 lemplaoi,
1015 666 1109 719 celera

88 751 234 805 contentas
260 765 424 821 proponere
456 749 557 819 analio
585 749 668 806 nobis
695 751 824 807 seroaoil
850 751 971 821 farlnna
998 749 1109 809 Horali

87 841 119 894 ni
142 838 256 895 oidelnr
277 853 338 895 non
361 836 519 895 admodum
541 838 663 908 fonlrin.

176 943 248 984 nam
264 927 464 998 profitendam
487 930 529 984 esi
550 928 638 985 neela
661 926 770 985 Horali
793 929 885 985 malla
908 930 1008 985 minas
1030 932 1108 986 ceria

86 1015 144 1086 fido
174 1016 281 1073 scillaei
301 1015 474 1088 pleramque
500 1015 564 1073 sola
586 1015 805 1088 Porploprionea
832 1018 888 1075 m'li
915 1034 1003 1088 qnam
1025 1018 1106 1090 oolpo

88 1103 210 1162 crednnl
242 1108 328 1177 alane
359 1105 432 1176 salis
464 1105 628 1162 earminnm
660 1107 693 1163 in
724 1107 894 1163 nniversam
925 1107 1108 1179 comprobari

87 1209 186 1251 aeram
217 1195 310 1266 fnisse
340 1195 512 1251 sententiam
540 1192 656 1252 Benllei
685 1194 874 1252 Lachmanni
904 1195 1024 1253 Lelmsii
1056 1198 1108 1268 qni

87 1281 234 1341 codicilns
255 1284 363 1340 nostris
386 1299 475 1354 anam
497 1285 623 1340 manime
641 1283 824 1354 diffidebant.
865 1285 1011 1356 quentilla
1030 1287 1107 1343 enim

88 1370 282 1429 existimanda
308 1373 347 1429 sil
363 1372 574 1445 Porplrprionis
601 1373 634 1430 in
656 1373 838 1431 recensendis
860 1374 905 1431 oel
928 1374 1108 1446 explicandis

88 1461 182 1518 cerlis
205 1463 309 1532 poelae
337 1461 507 1534 annaniae,
535 1462 597 1533 ipse
619 1462 730 1519 molins
752 1462 867 1520 salroliis
892 1464 996 1536 inopiis
1018 1465 1108 1521 nimis

89 1566 174 1622 saepe
204 1550 389 1607 demonstrat.
442 1567 533 1621 qnare
563 1550 720 1608 verisimile
752 1554 794 1609 esi
819 1552 913 1610 nialla
941 1553 1108 1610 eliamnnnc

86 1638 142 1712 lepi
169 1640 201 1696 in
228 1638 408 1698 carminibns
430 1639 541 1697 Horati
567 1639 656 1697 oerba
679 1639 845 1699 adnllerala
867 1641 1107 1714 inlerpolalaane,

86 1724 161 1786 cerlo
172 1729 303 1801 pennina
316 1744 376 1786 non
390 1745 450 1786 esse
463 1728 522 1786 nisi
535 1744 610 1800 anae
624 1729 661 1786 ab
674 1729 743 1787 aliis
748 1733 869 1802 praeter
878 1729 1107 1804 Porplrprianem

87 1817 204 1875 leslibns
231 1818 361 1890 antiqnis
383 1820 580 1890 apnoscanlnr
603 1821 655 1875 aad
681 1818 792 1890 lepilms
813 1821 955 1877 sermonis
978 1819 1106 1890 arlisqnc

86 1908 236 1979 inaeniooe
259 1905 369 1965 Horali
391 1908 542 1965 conoonire
564 1907 789 1979 comprobenlnr.

104 2008 106 2012 '
153 1990 217 2054 ideo
253 1996 286 2054 in
323 1996 445 2054 odilione
482 2013 571 2068 qnam
605 1995 821 2069 dilipenlissime
853 1997 991 2055 addenda
1024 2002 1107 2055 orani

87 2087 164 2142 ceria
192 2085 354 2143 testimonia
378 2089 460 2143 enlra
482 2085 591 2143 codices
613 2084 797 2144 Horatianos
819 2090 937 2144 sernala
960 2090 1045 2158 alane
1067 2086 1108 2144 ad

86 2192 121 2231 ea
138 2173 339 2242 indicandam,
357 2174 428 2245 qnid
446 2171 611 2252 διαρρήδην
630 2175 667 2233 ab
684 2176 812 2246 anilonis
826 2174 953 2234 Haaa
966 2176 1107 2234 lribnlnm

87 2254 166 2342 siff),
190 2263 261 2334 qnid
282 2264 381 2320 minas
404 2263 555 2335 dilipenler
577 2264 709 2321 relatam.

153 2368 205 2410 neo
241 2357 351 2420 lamen,
388 2354 459 2425 ania
494 2356 527 2409 al
559 2353 622 2410 dini
653 2370 718 2410 onor
749 2351 882 2412 Benlleio
914 2352 1107 2411 Iraelrmanno

87 2435 235 2498 Meinddo
262 2443 380 2513 saepias
408 2442 443 2499 de
469 2440 528 2512 ftde
555 2443 710 2500 memoriae
737 2440 972 2516 Porplrprioneae
999 2442 1107 2508 dnbilo,

86 2531 149 2589 ileo
180 2535 281 2589 anclor
303 2546 370 2588 snm
387 2531 544 2603 ploilolopis
565 2535 599 2588 nl
620 2531 761 2590 leniorlmi
783 2533 972 2604 inaeniornm⁸
989 2536 1108 2604 templa·

87 2621 169 2678 mina
193 2621 340 2677 imilenlnr
363 2624 389 2677 el
410 2622 551 2677 innovata
574 2623 666 2678 oclerc
684 2619 800 2679 lioonlia
818 2622 851 2678 in
869 2622 980 2680 tradita
998 2621 1107 2678 Horali

87 2709 176 2767 oerba
208 2711 333 2767 irrnanl.
383 2709 487 2766 molins
519 2710 573 2767 eril
603 2711 636 2767 in
662 2708 762 2767 mallis
783 2709 945 2782 prndenier
972 2709 1106 2767 dubitare

87 2815 176 2870 qnam
209 2799 298 2856 nimis
325 2799 455 2856 animose
482 2800 648 2856 coniectare.
699 2800 801 2857 elenim
828 2798 947 2871 facilins
971 2801 1012 2855 esi
1034 2798 1086 2855 rili

87 2887 220 2945 editionis
246 2887 329 2945 orabis
357 2888 482 2945 iradiiae
509 2888 634 2959 ‹ldepcre
662 2905 751 2959 onam
776 2888 856 2947 nllra
879 2886 1107 2960 Porplrprianem

87 2993 196 3049 sapere.

154 3066 236 3124 land
260 3066 360 3138 ianoro
383 3065 491 3138 amlipi
508 3082 596 3139 posse
613 3084 685 3124 nnm
705 3067 735 3123 in
755 3065 893 3139 elipcndis
911 3070 937 3124 ei
954 3064 1109 3124 reddendis

86 3154 216 3212 codieam
243 3153 410 3212 lectionibus
437 3155 596 3226 aequal-iter
618 3172 675 3226 per
702 3156 800 3214 arania
828 3156 964 3214 carmina
995 3156 1107 3228 eperim.

160 3396 186 3457 1)
205 3395 287 3449 eliam
315 3396 346 3447 in
375 3396 477 3449 talibas
503 3397 639 3449 interdnm
663 3398 789 3450 cantione
812 3413 881 3464 opns
904 3403 950 3461 eol,
974 3397 1110 3464 imprimis

88 3467 119 3518 in
146 3466 226 3519 reims
253 3467 496 3536 orilropraplrieis.'
528 3467 601 3520 oelnl
633 3483 707 3520 nnnc
733 3484 800 3521 sane
822 3470 946 3536 paenitet
973 3485 1014 3521 me
1037 3468 1109 3520 olse-

87 3545 181 3661 {nssrm
200 3538 327 3591 inscitiae
341 3539 485 3592 Prisciani
498 3539 539 3592 lris
553 3539 673 3592 Horolio
687 3539 813 3592 tribnissc
827 3539 944 3603 formiam
957 3539 1107 3607 improbam

108 3625 124 3661 o
146 3626 186 3661 us.
