2386 3974
515 207 621 262 EPOD.
641 215 665 263 ὃ.

217 352 440 437 exhauriebat,
464 355 630 438 ingemens
652 353 833 437 laboribus,

263 464 327 524 quo
351 446 462 525 posset
485 443 626 508 infossus
650 465 730 526 puer

216 530 314 617 longo
339 531 389 594 die
412 532 463 596 bis
487 536 600 615 terque
623 536 766 596 mutatae
790 532 882 616 dapis

261 620 398 684 inemori
422 620 621 705 spectaculo,

216 730 289 772 cum
313 710 510 793 promineret
533 732 600 792 ore,
624 715 780 793 quantum
805 714 1018 792 exstanteque

262 820 418 882 suspensa
440 803 549 863 mento
573 820 720 882 eorpora3

217 892 348 951 exsucta
371 888 420 951 uti
443 888 583 952 medulla
606 893 638 953 ct
662 889 788 952 aridum
811 888 900 954 iecur

261 976 390 1041 amoris·
403 981 487 1041 esset
510 977 676 1061 poculum,

217 1066 422 1130 interminato
447 1088 519 1130 cum
544 1067 641 1130 semel
663 1066 747 1150 tinae
770 1065 844 1132 cibo

260 1154 476 1219 intabuissent
498 1155 647 1239 pupulas.

217 1266 282 1308 non
306 1243 445 1309 defuisse
469 1244 629 1309 masculae
652 1244 796 1310 libidinis

261 1332 499 1397 Ariminensem
521 1333 647 1398 Foliam

217 1425 249 1485 et
273 1423 379 1487 otiosa
401 1422 536 1487 credidit
558 1421 713 1506 Neapolis

263 1515 295 1574 ct
318 1533 412 1576 omne
435 1511 578 1575 vicinum
602 1511 770 1595 oppidum,

218 1623 299 1683 quae
323 1599 426 1664 sidera
450 1604 617 1665 excantata
640 1622 718 1664 voce
741 1600 898 1666 Thessala

260 1690 434 1771 lunamque
458 1689 546 1754 caelo
570 1689 696 1772 deripit.

218 1778 270 1843 hic
293 1778 486 1843 inresectum
510 1800 603 1843 saeva
627 1779 721 1842 dente
744 1778 844 1843 livido

263 1865 396 1932 Canidia
417 1868 534 1932 rodens
557 1867 708 1951 pollicem

219 1955 298 2036 quid
320 1956 403 2020 dixit
426 1961 482 2020 aut
507 1957 584 2040 quid
608 1957 731 2023 tacuit?
779 1958 809 2022 ‘0
833 1957 930 2022 rebus
951 1951 1018 2019 meis

262 2067 328 2110 non
351 2046 496 2109 infideles
520 2045 673 2130 arbitrae,

218 2133 292 2199 Nox
316 2140 348 2199 et
371 2135 489 2219 Diana,
513 2157 595 2218 quae
618 2135 784 2199 silentium
807 2135 908 2220 regis,

262 2245 377 2288 aroana
402 2246 474 2289 cum
497 2225 581 2288 fiunt
605 2247 708 2307 sacra,

161 2331 163 2335 ·
218 2335 315 2397 nunc,
339 2334 425 2378 nunc
448 2314 570 2396 adeste,
593 2335 679 2377 nunc
702 2314 736 2377 in
758 2313 889 2378 hostilis
912 2313 1014 2378 domos

262 2404 343 2466 iram
367 2407 462 2486 atque
485 2425 605 2467 numen
628 2402 752 2466 vertite.

217 2490 439 2556 formidulosis
462 2514 536 2555 oum
559 2494 660 2556 latent
684 2491 773 2555 silvis
796 2491 883 2555 ferae

262 2580 349 2645 dulci
372 2603 487 2665 sopore
509 2580 693 2666 languidae,

219 2690 339 2752 senem,
365 2670 452 2752 quod
476 2692 587 2734 omnes
609 2669 748 2752 rideant,
771 2670 954 2735 adulterum

263 2758 382 2823 latrent
406 2759 593 2824 Suburanae
617 2781 710 2823 canes

157 2898 321 2969 &Ano
389 2899 526 2971 enno

157 3021 195 3076 33
211 3025 337 3077 mutatae
348 3056 380 3064 -
391 3023 554 3092 spectaculo
568 3025 618 3078 dot
632 3025 663 3078 ob
677 3023 759 3092 dapis
770 3025 856 3078 Prisc.
867 3028 894 3090 7,
903 3027 939 3078 41
957 3041 985 3093 p.
995 3026 1049 3084 321,
1056 3010 1082 3067 1⁶

86 3092 125 3148 34
146 3093 264 3148 inemori
282 3096 318 3165 Q
397 3097 521 3164 (Prisc),
549 3094 696 3148 inmemcri
717 3098 754 3161 Φ,
780 3095 927 3149 intermori
945 3097 979 3150 L.
999 3084 1082 3148 Meua

86 3165 122 3220 37
139 3165 283 3236 Ex(s)ucta
298 3183 328 3234 ς,
366 3167 699 3249 x(s)cctaQQBIand.,
714 3166 804 3220 Euesa
814 3167 951 3221 Heinsius
991 3161 1083 3220 iilo?

86 3237 234 3291 midulosis
258 3239 353 3305 Bon,
381 3238 581 3292 Formidclosis
602 3238 742 3303 AFer,
769 3236 980 3292 Formidolosac
998 3252 1013 3296 ς
1033 3236 1084 3303 (aot

86 3309 202 3378 Blead.)
294 3326 358 3363 cum
376 3311 412 3380 Q
429 3310 480 3382 Q,
504 3311 571 3362 dum
592 3313 615 3362 Φ
705 3309 754 3362 57.
775 3308 823 3363 59.
843 3307 882 3362 60
902 3311 934 3364 ol>
955 3309 1084 3378 protom

86 3379 169 3448 quale
188 3382 233 3450 (os.
249 3382 350 3451 Pcrph.
366 3383 403 3434 ad
422 3400 444 3435 o.
461 3384 506 3448 59)
526 3383 642 3447 affamur
660 3382 691 3433 ia
706 3387 786 3448 porte
805 3381 881 3434 codd.
897 3382 985 3436 Prisc.
1004 3381 1044 3443 17,
1057 3367 1085 3424 32

81 3468 111 3521 p.
129 3456 182 3506 128
255 3452 290 3506 57
307 3455 341 3520 cf.
352 3470 458 3507 versum
472 3452 626 3513 Sacerdotis
638 3468 752 3522 orarem.
765 3451 809 3503 VI
821 3455 885 3510 523.
901 3458 917 3507 7
935 3467 1014 3507 senes
1026 3434 1086 3517 quod

87 3539 182 3577 omncs
197 3523 311 3578 rideant
325 3526 439 3578 cunctos
455 3539 539 3576 canos
586 3522 624 3576 58
639 3523 798 3576 suburanae
812 3523 849 3593 Q
861 3522 912 3595 (ᾳ),
927 3520 1086 3578 suburbana

85 3595 176 3649 ΑΘΗ
