2400 3968
360 206 468 262 CARM.
483 206 534 260 1111
555 213 595 261 12.

440 386 512 453 XII.

95 513 168 577 Iam
191 513 275 578 veris
299 513 447 589 comites,
471 534 553 597 quae
575 535 664 578 mare
687 516 884 597 temperant,

97 601 260 686 inpellunt
282 602 408 666 animae
429 602 531 667 lintea
553 601 722 686 Thraciae,

97 693 162 756 iam
186 713 245 756 nec
266 696 361 775 prata
384 691 491 778 rigent
512 712 572 756 nec
594 691 685 756 fluvii
709 695 857 774 strepunt

143 781 280 845 hiberna
301 781 375 846 nive
399 780 530 866 turgidi.

98 940 212 1004 nidum
234 941 340 1026 ponit,
362 938 439 1024 Ityn
460 939 612 1005 flebiliter
635 961 781 1026 gemens,
975 967 988 1008 e

99 1029 213 1094 infelix
236 1030 304 1095 avis
328 1033 360 1094 et
385 1029 557 1114 Cecropiae
580 1029 695 1095 domus

99 1124 264 1184 aeternum
288 1118 511 1204 opprobrium,
535 1119 622 1202 quod
644 1118 727 1183 male
750 1119 903 1184 barbaras

144 1230 257 1295 regum
281 1212 331 1273 est
354 1208 424 1272 ulta
445 1207 604 1272 libidines.

100 1369 212 1433 dicunt
234 1368 269 1432 in
291 1372 401 1433 tenero
425 1369 571 1454 gramine
593 1367 765 1454 pinguium

100 1458 248 1523 custodes
272 1459 381 1524 ovium
404 1458 547 1522 carmina
568 1457 679 1522 fistula
961 1483 987 1524 ro

100 1547 325 1631 delectantque
348 1547 456 1631 deum,
480 1547 532 1611 cui
555 1568 653 1631 pecus
677 1550 710 1611 et
731 1546 820 1632 nigri

146 1635 244 1701 colles
266 1634 423 1700 Arcadiae
445 1634 583 1720 placent.

99 1795 260 1861 adduxere
284 1795 371 1860 sitim
393 1799 554 1880 tempora,
577 1794 719 1880 Vergili:

100 1886 157 1949 sed
179 1907 324 1969 pressum
349 1882 478 1949 Calibus
502 1885 618 1948 ducere
640 1883 794 1949 Liberum

100 1976 127 2037 si
152 1974 267 2058 gestis,
289 1974 441 2038 iuvenum
464 1972 624 2039 nobilium
648 1974 761 2058 cliens,
961 1998 986 2039 ιε

144 2064 246 2128 nardo
269 2064 344 2128 vina
366 2062 537 2127 merebere.

100 2223 193 2287 nardi
215 2244 333 2308 parvos
357 2244 444 2306 onyx
467 2223 574 2287 eliciet
597 2223 726 2306 cadum,

102 2313 159 2396 qui
181 2333 267 2377 nunc
290 2311 443 2396 Sulpiciis
466 2311 604 2378 adcubat
626 2311 766 2396 horreis,

101 2423 174 2485 spes
199 2400 316 2465 donare
339 2423 439 2466 novas
461 2401 572 2487 largus
596 2422 768 2484 amaraque

145 2512 294 2555 curarum
318 2490 424 2555 cluere
448 2491 570 2554 efficax.

101 2651 247 2734 adquae
271 2651 299 2714 si
322 2672 475 2735 properas
498 2651 629 2737 gaudia,
654 2673 726 2715 cum
750 2655 807 2716 tua

99 2741 195 2805 velox
217 2761 323 2804 merce
346 2740 434 2805 veni:
456 2761 523 2803 non
546 2761 605 2826 ego
630 2744 662 2804 te
685 2741 766 2805 meis

101 2830 266 2894 inmunem
290 2829 429 2893 meditor
452 2827 598 2915 tinguere
621 2829 761 2914 poculis,

145 2918 241 3003 plena
264 2917 352 2982 dives
375 2921 412 2981 ut
435 2918 469 2981 in
493 2918 597 2982 domo.

86 3094 169 3148 :AB
239 3093 340 3166 (ᾦεΦ

103 3235 121 3290 2
140 3239 173 3292 ob
192 3237 304 3290 animae
322 3238 404 3304 offert
419 3237 492 3292 Sero.
504 3238 571 3291 Aea.
584 3242 610 3303 1,
621 3242 663 3291 57.
675 3241 703 3303 8,
713 3240 767 3290 403
840 3234 860 3289 4
878 3236 986 3305 turgidi

87 3310 169 3376 orph,
184 3308 353 3380 candidi[or]
369 3309 515 3378 (Victoria.
525 3326 639 3379 gramm.
652 3310 696 3362 VI
706 3309 807 3378 177,5)
860 3307 877 3361 5
892 3307 948 3375 itys
960 3307 991 3361 F

87 3381 229 3448 rotantque
246 3380 295 3450 (D,
314 3379 530 3448 Delectante(m)
551 3383 583 3446 Φ,
606 3381 654 3434 cicc
672 3382 729 3433 icm
746 3378 785 3450 (ᾧ
858 3377 932 3447 nigri
950 3378 988 3450 ᾧ

87 3451 135 3519 ph.
154 3454 173 3504 i.
187 3452 267 3506 schol.
282 3453 310 3505 A
321 3452 371 3520 V),
390 3451 490 3520 nigrae
509 3468 526 3510 ς
613 3451 651 3504 lo
669 3451 811 3505 merebere
830 3451 879 3521 Q),
898 3465 987 3504 mere-

88 3525 160 3587 ‚cix
178 3525 236 3576 iam
253 3522 292 3594 (τῇ
364 3521 579 3594 22[(1D:Rd>]
664 3520 703 3575 26
722 3523 755 3577 ob
773 3522 939 3590 nigrorum.
959 3564 986 3574 ..

94 3594 176 3660 affert
192 3593 265 3648 Sero.
285 3595 354 3648 Aca.
370 3599 396 3661 4,
415 3598 469 3648 384
