2386 3974
471 237 576 292 SERM.
595 237 622 291 11
641 243 665 292 ’1,
1011 238 1076 302 243

58 387 95 447 15
119 405 192 447 cum
216 383 260 448 sis
286 383 372 467 quod
395 405 455 469 ego
480 388 512 448 et
533 383 680 448 fortassis
703 384 852 470 nequior,
875 384 960 448 ultro
1037 409 1064 448 55

58 473 213 537 155551555
236 474 325 537 velut
348 473 463 537 melior
484 473 655 558 verbisque
678 473 800 538 decoris

59 561 213 627 obvolvas
236 561 398 626 vitium?’'
446 562 537 646 quid,
561 562 588 626 si
612 585 662 626 me
687 563 818 627 stultior
840 563 911 646 ipso

60 651 247 737 quingentis
271 656 379 735 empto
404 651 563 716 drachmis
588 652 813 733 deprenderis?
858 652 948 716 aufer

58 763 118 810 555,
134 740 226 805 55115
248 745 382 825 terrere3
404 763 536 805 manum
560 741 827 824 stomachumque
849 737 980 828 taneta}

58 830 150 914 dum,
174 851 255 913 quae
279 828 419 914 Crispini
444 831 554 896 docuit
576 852 628 894 555
650 830 782 914 ianitor,
806 829 873 895 edo.
1038 857 1064 896 55

58 922 91 983 15
116 919 258 984 coniunx
281 920 385 984 aliana
409 921 510 1004 capit,
532 919 736 1000 meretricula
759 919 898 983 Davom:

57 1012 172 1093 peccat
194 1013 267 1073 uter
289 1003 435 1073 bostrum
459 1030 551 1073 cruce
574 1008 727 1095 dignius?
773 1009 854 1073 acris
878 1007 935 1072 ubi
957 1029 1009 1071 me
1079 1069 1090 1078 ,

57 1102 175 1162 natura
197 1099 351 1183 intendit,
374 1099 433 1162 sub
458 1098 542 1163 clara
564 1098 651 1163 nuda
673 1098 804 1163 lucerna

60 1208 281 1272 quaecumque
305 1188 432 1271 excepit
455 1190 615 1273 turgentis
638 1188 770 1252 verbera
794 1187 913 1252 caudae

59 1276 208 1341 clunibus
231 1280 288 1342 aut
311 1278 586 1363 agitavitequom
610 1276 730 1341 lasciva
753 1276 921 1360 supinum,
1039 1303 1065 1343 55

59 1365 197 1429 dimittit
219 1388 323 1450 neque
346 1367 507 1431 famosum
530 1389 634 1450 neque
658 1366 833 1430 sollicitum
856 1387 897 1429 55

59 1455 159 1519 5111155
182 1459 237 1519 551
259 1455 382 1520 formae
405 1457 548 1520 melioris
572 1457 669 1519 meiat
692 1455 812 1520 eodem.

58 1548 95 1608 15
120 1565 192 1608 oum
216 1545 368 1628 proiectis
391 1544 587 1629 insignibus,
610 1545 706 1609 anulo
730 1545 873 1628 equestri

58 1633 270 1718 Romanoque
293 1635 421 1718 habitu,
444 1635 554 1718 prodis
578 1657 618 1698 cx
639 1634 744 1698 iudice
767 1633 884 1717 Dama,

59 1722 167 1807 turpis
187 1723 356 1788 odoratum
379 1728 475 1808 caput
498 1725 689 1791 obscurante
711 1725 852 1807 lacerna,
1039 1749 1064 1789 55

59 1834 127 1876 555
150 1833 182 1876 55
206 1813 293 1897 quod
316 1814 470 1878 simulas?
516 1817 662 1878 metuens
685 1812 847 1878 induceris
871 1816 966 1896 atque

60 1901 234 1966 altercante
257 1902 447 1966 libidinibus
470 1903 581 1967 tremis
606 1924 679 1967 5555
701 1924 827 1986 pavore.

60 1991 139 2075 quid
161 1992 272 2074 refert,
294 1993 346 2055 551
368 1993 467 2078 virgis
490 1993 639 2075 ferroque
661 1992 768 2056 necari

60 2084 245 2145 auctoratus
269 2102 330 2165 555,
353 2103 395 2145 an
418 2082 506 2164 turpi
530 2083 657 2147 clausus
680 2083 716 2144 in
739 2102 823 2166 arca,

60 2191 125 2254 quo
149 2173 181 2233 15
204 2170 334 2234 demisit
356 2171 480 2254 peccati
504 2171 631 2235 conscia
655 2171 754 2254 erilis,
1039 2197 1064 2236 55

61 2261 263 2325 5551555155
286 2260 423 2345 genibus
447 2264 561 2346 tangas
585 2261 703 2343 caput?
749 2261 837 2322 55155
861 2257 976 2322 marito

60 2352 226 2413 matronae
249 2350 411 2432 peccantis
434 2351 469 2414 in
492 2350 586 2413 ambo
610 2350 696 2412 iusta
719 2351 874 2431 potestas,

61 2438 97 2502 in
120 2442 339 2522 corruptorem
363 2440 415 2503 vel
437 2438 575 2503 iustior?
620 2437 677 2501 illa
699 2442 808 2502 tamen
831 2458 865 2501 se

59 2549 127 2591 non
149 2527 262 2592 habitu
285 2532 429 2592 mutatve
452 2529 524 2592 1555
547 2531 698 2612 peccatve
722 2547 872 2610 supcmc‚

61 2636 135 2680 curn
158 2619 191 2680 15
213 2617 365 2681 formidet
388 2617 505 2681 mulier
526 2639 630 2701 neque
654 2615 761 2680 credat
784 2616 912 2680 amanti.
1039 2641 1065 2682 55

60 2705 124 2769 ibis
148 2707 207 2770 sub
231 2707 355 2771 furcam
378 2706 517 2790 prudens
541 2706 736 2789 dominoque
759 2705 880 2769 furenti

61 2795 232 2860 conmittes
247 2818 315 2861 5555
330 2818 457 2860 omnem
472 2801 505 2861 et
519 2797 619 2860 vitam
629 2799 661 2859 51
671 2816 744 2858 cum
754 2815 887 2879 corpore
896 2793 1025 2862 famam.

132 2935 229 3005 5555
297 2936 397 3008 aad>

133 3057 171 3114 42
189 3059 251 3130 ipso
271 3062 330 3128 Fa,
349 3061 411 3129 ipse
426 3061 470 3114 El
542 3056 580 3114 45
601 3058 717 3128 crispini
735 3060 771 3129 Q
784 3059 822 3131 Q
836 3059 938 3127 Porpt.
953 3059 981 3127 (i.
996 3059 1077 3112 schot.

60 3132 148 3201 PV),
176 3132 342 3202 c(h)1ysippi
368 3133 397 3185 tt
469 3128 507 3185 48
535 3130 659 3185 intendit
685 3131 722 3200 Q
743 3131 781 3202 Q
804 3130 924 3196 155555,
951 3128 1078 3182 incendit

63 3204 176 3263 651155
246 3205 323 3258 nuda
341 3203 457 3257 lucerna
475 3201 525 3274 Q,
551 3202 666 3256 lucerna
684 3201 761 3254 nuda
780 3203 810 3256 E
880 3199 919 3253 49
938 3201 1077 3269 turgentis

60 3275 203 3344 (turicntie
222 3277 265 3343 E)
284 3276 354 3345 Qt,
378 3273 505 3344 urgentis
520 3275 563 3327 Fz
616 3273 654 3327 53
673 3273 715 3326 Tu
734 3290 797 3326 curn
811 3272 879 3342 Qt,
899 3271 938 3325 Te
958 3289 1020 3325 5555
1037 3272 1078 3325 Fr

56 3346 100 3402 55
128 3345 242 3400 lacerna
264 3347 302 3471 Q
324 3348 404 3401 551551.
424 3347 493 3411 PV,
522 3345 637 3399 lucerna
660 3346 704 3399 El
794 3344 829 3398 57
855 3342 1018 3397 Altereante
1040 3343 1079 3424 Q

59 3419 141 3474 551551.
159 3419 230 3485 PV,
253 3419 278 3470 A
291 3417 471 3472 teroandcnts
490 3418 532 3484 E,
556 3416 723 3471 Alternantc
748 3416 827 3471 Gora.
901 3414 940 3468 di)
964 3414 1078 3469 (15551551

59 3491 124 3574 Qi,
151 3489 260 3544 dimisit
276 3491 325 3544 Fa
397 3488 506 3542 dimisit
524 3507 552 3558 p.
572 3505 594 3542 c.
615 3486 692 3541 erilis
710 3487 756 3559 Q,
775 3486 885 3556 peccati
904 3502 927 3539 c.
947 3501 970 3539 5.
990 3485 1078 3539 demi-

60 3565 99 3616 s1t
118 3562 148 3615 E
227 3560 264 3616 61
294 3559 497 3630 (3555551555)
524 3561 560 3632 Q
581 3559 633 3632 Q,
670 3557 850 3612 contractum
879 3559 911 3610 ut
938 3558 968 3616 11
998 3557 1076 3612 Goth.

59 3631 99 3688 112
124 3630 207 3686 ambo
224 3633 261 3704 Q
273 3632 325 3706 Q,
348 3631 447 3687 ambos
465 3633 495 3686 11
558 3629 601 3685 64
619 3632 756 3700 peccatua
773 3630 840 3700 Ql,
858 3631 1013 3698 peccatone
1035 3630 1081 3682 Et

877 3715 932 3769 Kb*
