<?xml version="1.0" encoding="UTF-8"?>
<!DOCTYPE html PUBLIC "-//W3C//DTD XHTML 1.0 Transitional//EN"
    "http://www.w3.org/TR/xhtml1/DTD/xhtml1-transitional.dtd">
<html xmlns="http://www.w3.org/1999/xhtml" xml:lang="en" lang="en">
 <head>
  <title>
</title>
<meta http-equiv="Content-Type" content="text/html;charset=utf-8" />
  <meta name='ocr-system' content='tesseract 3.04.00' />
  <meta name='ocr-capabilities' content='ocr_page ocr_carea ocr_par ocr_line ocrx_word'/>
</head>
<body>
  <div class='ocr_page' id='page_1' title='image "./qhoratiflaccica00vollgoog_0045.png"; bbox 0 0 2400 3968; ppageno 0'>
   <div class='ocr_carea' id='block_1_1' title="bbox 478 189 729 263">
    <p class='ocr_par' dir='ltr' id='par_1_1' title="bbox 478 189 729 263">
     <span class='ocr_line' id='line_1_1' title="bbox 478 189 729 263; baseline 0.008 -2"><span class='ocrx_word' id='word_1_1' title='bbox 478 197 586 262; x_wconf 74' lang='lat' dir='ltr'>caen.</span> <span class='ocrx_word' id='word_1_2' title='bbox 601 208 615 262; x_wconf 90' lang='lat'><strong>1</strong></span> <span class='ocrx_word' id='word_1_3' title='bbox 631 189 671 262; x_wconf 77' lang='lat'>17&#39;.</span> <span class='ocrx_word' id='word_1_4' title='bbox 688 214 729 263; x_wconf 74' lang='grc' dir='ltr'>ιε.</span> 
     </span>
    </p>
   </div>
   <div class='ocr_carea' id='block_1_2' title="bbox 290 350 942 705">
    <p class='ocr_par' dir='ltr' id='par_1_2' title="bbox 290 350 942 705">
     <span class='ocr_line' id='line_1_2' title="bbox 290 350 817 436; baseline 0.006 -21"><span class='ocrx_word' id='word_1_5' title='bbox 290 350 344 416; x_wconf 90' lang='lat' dir='ltr'>hic</span> <span class='ocrx_word' id='word_1_6' title='bbox 366 353 546 417; x_wconf 89' lang='lat' dir='ltr'>innocentis</span> <span class='ocrx_word' id='word_1_7' title='bbox 569 353 685 436; x_wconf 86' lang='lat' dir='ltr'>pocula</span> <span class='ocrx_word' id='word_1_8' title='bbox 708 352 817 418; x_wconf 90' lang='lat' dir='ltr'>Lesbii</span> 
     </span>
     <span class='ocr_line' id='line_1_3' title="bbox 291 442 897 529; baseline 0.007 -25"><span class='ocrx_word' id='word_1_9' title='bbox 291 442 387 505; x_wconf 89' lang='lat' dir='ltr'>duces</span> <span class='ocrx_word' id='word_1_10' title='bbox 410 442 469 505; x_wconf 92' lang='lat' dir='ltr'>sub</span> <span class='ocrx_word' id='word_1_11' title='bbox 493 442 607 506; x_wconf 89' lang='lat' dir='ltr'>umbra</span> <span class='ocrx_word' id='word_1_12' title='bbox 629 465 690 507; x_wconf 91' lang='lat' dir='ltr'>nec</span> <span class='ocrx_word' id='word_1_13' title='bbox 714 442 897 529; x_wconf 85' lang='lat' dir='ltr'>Semeleius</span> 
     </span>
     <span class='ocr_line' id='line_1_4' title="bbox 339 530 934 616; baseline 0.005 -20"><span class='ocrx_word' id='word_1_14' title='bbox 339 552 412 596; x_wconf 92' lang='lat' dir='ltr'>cum</span> <span class='ocrx_word' id='word_1_15' title='bbox 435 530 539 600; x_wconf 84' lang='lat' dir='ltr'>Marte</span> <span class='ocrx_word' id='word_1_16' title='bbox 562 531 738 596; x_wconf 87' lang='lat' dir='ltr'>confundet</span> <span class='ocrx_word' id='word_1_17' title='bbox 760 531 934 616; x_wconf 78' lang='lat' dir='ltr'><strong>Thyoneus</strong></span> 
     </span>
     <span class='ocr_line' id='line_1_5' title="bbox 383 619 942 705; baseline 0.009 -23"><span class='ocrx_word' id='word_1_18' title='bbox 383 619 505 703; x_wconf 90' lang='lat' dir='ltr'>proelia</span> <span class='ocrx_word' id='word_1_19' title='bbox 527 642 587 686; x_wconf 88' lang='lat' dir='ltr'>nec</span> <span class='ocrx_word' id='word_1_20' title='bbox 602 626 733 685; x_wconf 50' lang='lat' dir='ltr'>¹metues</span> <span class='ocrx_word' id='word_1_21' title='bbox 756 625 942 705; x_wconf 82' lang='lat' dir='ltr'>protervam</span> 
     </span>
    </p>
   </div>
   <div class='ocr_carea' id='block_1_3' title="bbox 269 733 951 1096">
    <p class='ocr_par' dir='ltr' id='par_1_3' title="bbox 269 733 906 898">
     <span class='ocr_line' id='line_1_6' title="bbox 269 733 906 830; baseline 0.003 -22"><span class='ocrx_word' id='word_1_22' title='bbox 269 733 437 828; x_wconf 78' lang='lat' dir='ltr'>suspecta</span> <span class='ocrx_word' id='word_1_23' title='bbox 456 743 589 828; x_wconf 82' lang='lat' dir='ltr'>Cyrum,</span> <span class='ocrx_word' id='word_1_24' title='bbox 614 757 655 808; x_wconf 89' lang='lat' dir='ltr'>ne</span> <span class='ocrx_word' id='word_1_25' title='bbox 678 746 761 809; x_wconf 90' lang='lat' dir='ltr'>male</span> <span class='ocrx_word' id='word_1_26' title='bbox 785 745 906 830; x_wconf 81' lang='lat' dir='ltr'>dispari</span> 
     </span>
     <span class='ocr_line' id='line_1_7' title="bbox 289 833 788 898; baseline 0.004 -2"><span class='ocrx_word' id='word_1_27' title='bbox 289 833 519 898; x_wconf 89' lang='lat' dir='ltr'>incontinentis</span> <span class='ocrx_word' id='word_1_28' title='bbox 543 834 653 897; x_wconf 86' lang='lat' dir='ltr'>iniciat</span> <span class='ocrx_word' id='word_1_29' title='bbox 675 856 788 898; x_wconf 88' lang='lat' dir='ltr'>manns</span> 
     </span>
    </p>

    <p class='ocr_par' dir='ltr' id='par_1_4' title="bbox 291 916 951 1096">
     <span class='ocr_line' id='line_1_8' title="bbox 338 916 905 988; baseline 0.004 -2"><span class='ocrx_word' id='word_1_30' title='bbox 338 926 371 986; x_wconf 89' lang='lat' dir='ltr'>et</span> <span class='ocrx_word' id='word_1_31' title='bbox 391 923 518 988; x_wconf 35' lang='lat' dir='ltr'>*scindat</span> <span class='ocrx_word' id='word_1_32' title='bbox 540 922 726 987; x_wconf 86' lang='lat' dir='ltr'>haerentem</span> <span class='ocrx_word' id='word_1_33' title='bbox 749 916 905 988; x_wconf 86' lang='lat' dir='ltr'>coronam</span> 
     </span>
     <span class='ocr_line' id='line_1_9' title="bbox 291 1011 951 1096; baseline 0.002 -20"><span class='ocrx_word' id='word_1_34' title='bbox 291 1032 294 1041; x_wconf 85' lang='grc'><strong><em>·</em></strong></span> <span class='ocrx_word' id='word_1_35' title='bbox 328 1040 330 1044; x_wconf 50' lang='grc'><strong>“</strong></span> <span class='ocrx_word' id='word_1_36' title='bbox 383 1011 525 1076; x_wconf 82' lang='lat' dir='ltr'><strong>crinibus</strong></span> <span class='ocrx_word' id='word_1_37' title='bbox 549 1012 796 1096; x_wconf 77' lang='lat' dir='ltr'>inmeritamque</span> <span class='ocrx_word' id='word_1_38' title='bbox 818 1017 951 1078; x_wconf 84' lang='lat' dir='ltr'>vestem.</span> 
     </span>
    </p>
   </div>
   <div class='ocr_carea' id='block_1_4' title="bbox 135 1223 1032 1416">
    <p class='ocr_par' dir='ltr' id='par_1_5' title="bbox 135 1223 1032 1416">
     <span class='ocr_line' id='line_1_10' title="bbox 541 1223 661 1290; baseline 0.017 -2"><span class='ocrx_word' id='word_1_39' title='bbox 541 1223 661 1290; x_wconf 86' lang='lat' dir='ltr'>XVIII.</span> 
     </span>
     <span class='ocr_line' id='line_1_11' title="bbox 135 1331 1032 1416; baseline 0.001 -19"><span class='ocrx_word' id='word_1_40' title='bbox 135 1331 282 1416; x_wconf 85' lang='lat' dir='ltr'><strong>Nullam,</strong></span> <span class='ocrx_word' id='word_1_41' title='bbox 306 1332 405 1416; x_wconf 83' lang='lat' dir='ltr'>Vara,</span> <span class='ocrx_word' id='word_1_42' title='bbox 429 1353 519 1396; x_wconf 87' lang='lat' dir='ltr'>sacra</span> <span class='ocrx_word' id='word_1_43' title='bbox 541 1333 607 1397; x_wconf 77' lang='lat' dir='ltr'>vite</span> <span class='ocrx_word' id='word_1_44' title='bbox 629 1334 719 1416; x_wconf 85' lang='lat' dir='ltr'>prius</span> <span class='ocrx_word' id='word_1_45' title='bbox 743 1333 862 1398; x_wconf 78' lang='lat' dir='ltr'>severis</span> <span class='ocrx_word' id='word_1_46' title='bbox 886 1333 1032 1398; x_wconf 82' lang='lat' dir='ltr'>arborem</span> 
     </span>
    </p>
   </div>
   <div class='ocr_carea' id='block_1_5' title="bbox 137 1420 944 1510">
    <p class='ocr_par' dir='ltr' id='par_1_6' title="bbox 137 1420 944 1510">
     <span class='ocr_line' id='line_1_12' title="bbox 137 1420 944 1510; baseline 0.002 -25"><span class='ocrx_word' id='word_1_47' title='bbox 137 1423 223 1486; x_wconf 89' lang='lat' dir='ltr'>circa</span> <span class='ocrx_word' id='word_1_48' title='bbox 244 1422 323 1486; x_wconf 88' lang='lat' dir='ltr'>mite</span> <span class='ocrx_word' id='word_1_49' title='bbox 347 1421 453 1486; x_wconf 89' lang='lat' dir='ltr'>solum</span> <span class='ocrx_word' id='word_1_50' title='bbox 475 1420 604 1486; x_wconf 83' lang='lat' dir='ltr'>Tiburis</span> <span class='ocrx_word' id='word_1_51' title='bbox 628 1425 660 1484; x_wconf 87' lang='lat' dir='ltr'>et</span> <span class='ocrx_word' id='word_1_52' title='bbox 682 1422 810 1486; x_wconf 90' lang='lat' dir='ltr'>moenia</span> <span class='ocrx_word' id='word_1_53' title='bbox 833 1421 944 1510; x_wconf 77' lang='lat' dir='ltr'>Catili3</span> 
     </span>
    </p>
   </div>
   <div class='ocr_carea' id='block_1_6' title="bbox 135 1510 984 1685">
    <p class='ocr_par' dir='ltr' id='par_1_7' title="bbox 135 1510 984 1685">
     <span class='ocr_line' id='line_1_13' title="bbox 137 1510 984 1596; baseline 0.001 -20"><span class='ocrx_word' id='word_1_54' title='bbox 137 1511 229 1576; x_wconf 91' lang='lat' dir='ltr'>siccis</span> <span class='ocrx_word' id='word_1_55' title='bbox 254 1511 361 1576; x_wconf 89' lang='lat' dir='ltr'>omnia</span> <span class='ocrx_word' id='word_1_56' title='bbox 383 1533 459 1574; x_wconf 90' lang='lat' dir='ltr'>nam</span> <span class='ocrx_word' id='word_1_57' title='bbox 483 1510 562 1574; x_wconf 90' lang='lat' dir='ltr'>dura</span> <span class='ocrx_word' id='word_1_58' title='bbox 585 1511 662 1574; x_wconf 88' lang='lat' dir='ltr'>deus</span> <span class='ocrx_word' id='word_1_59' title='bbox 686 1511 856 1594; x_wconf 88' lang='lat' dir='ltr'>proposuit</span> <span class='ocrx_word' id='word_1_60' title='bbox 878 1533 984 1596; x_wconf 88' lang='lat' dir='ltr'>neque</span> 
     </span>
     <span class='ocr_line' id='line_1_14' title="bbox 135 1599 879 1685; baseline 0 -21"><span class='ocrx_word' id='word_1_61' title='bbox 135 1600 300 1665; x_wconf 81' lang='lat' dir='ltr'>mordaces</span> <span class='ocrx_word' id='word_1_62' title='bbox 324 1600 418 1663; x_wconf 89' lang='lat' dir='ltr'>aliter</span> <span class='ocrx_word' id='word_1_63' title='bbox 440 1600 614 1685; x_wconf 79' lang='lat' dir='ltr'>diffugiunt</span> <span class='ocrx_word' id='word_1_64' title='bbox 636 1599 879 1665; x_wconf 76' lang='lat' dir='ltr'>sollicItudines.</span> 
     </span>
    </p>
   </div>
   <div class='ocr_carea' id='block_1_7' title="bbox 104 1724 1101 2076">
    <p class='ocr_par' dir='ltr' id='par_1_8' title="bbox 104 1724 1101 2076">
     <span class='ocr_line' id='line_1_15' title="bbox 104 1724 1098 1811; baseline -0.003 -19"><span class='ocrx_word' id='word_1_65' title='bbox 104 1751 116 1792; x_wconf 77' lang='lat' dir='ltr'>a</span> <span class='ocrx_word' id='word_1_66' title='bbox 136 1727 208 1809; x_wconf 85' lang='lat' dir='ltr'>quis</span> <span class='ocrx_word' id='word_1_67' title='bbox 222 1729 297 1809; x_wconf 88' lang='lat' dir='ltr'>post</span> <span class='ocrx_word' id='word_1_68' title='bbox 311 1724 386 1790; x_wconf 85' lang='lat' dir='ltr'>vina</span> <span class='ocrx_word' id='word_1_69' title='bbox 400 1746 530 1810; x_wconf 82' lang='lat' dir='ltr'>gravem</span> <span class='ocrx_word' id='word_1_70' title='bbox 545 1724 695 1802; x_wconf 86' lang='lat' dir='ltr'>militiam</span> <span class='ocrx_word' id='word_1_71' title='bbox 710 1727 766 1788; x_wconf 88' lang='lat' dir='ltr'>aut</span> <span class='ocrx_word' id='word_1_72' title='bbox 779 1725 965 1809; x_wconf 84' lang='lat' dir='ltr'>pauperiem</span> <span class='ocrx_word' id='word_1_73' title='bbox 977 1724 1098 1811; x_wconf 77' lang='lat' dir='ltr'>crepat?</span> 
     </span>
     <span class='ocr_line' id='line_1_16' title="bbox 136 1812 1101 1898; baseline 0.001 -19"><span class='ocrx_word' id='word_1_74' title='bbox 136 1816 288 1898; x_wconf 80' lang='lat' dir='ltr'>quianon</span> <span class='ocrx_word' id='word_1_75' title='bbox 301 1817 334 1878; x_wconf 89' lang='lat' dir='ltr'>te</span> <span class='ocrx_word' id='word_1_76' title='bbox 347 1815 465 1897; x_wconf 77' lang='lat' dir='ltr'>potius,</span> <span class='ocrx_word' id='word_1_77' title='bbox 478 1812 604 1894; x_wconf 86' lang='lat' dir='ltr'>Bacche</span> <span class='ocrx_word' id='word_1_78' title='bbox 620 1817 718 1897; x_wconf 86' lang='lat' dir='ltr'>pater,</span> <span class='ocrx_word' id='word_1_79' title='bbox 732 1812 836 1897; x_wconf 85' lang='lat' dir='ltr'>teque,</span> <span class='ocrx_word' id='word_1_80' title='bbox 851 1815 966 1880; x_wconf 88' lang='lat' dir='ltr'>decens</span> <span class='ocrx_word' id='word_1_81' title='bbox 976 1815 1101 1882; x_wconf 75' lang='lat' dir='ltr'>Venus?</span> 
     </span>
     <span class='ocr_line' id='line_1_17' title="bbox 135 1901 956 1988; baseline -0.001 -21"><span class='ocrx_word' id='word_1_82' title='bbox 135 1926 173 1969; x_wconf 92' lang='lat' dir='ltr'>ac</span> <span class='ocrx_word' id='word_1_83' title='bbox 194 1926 235 1969; x_wconf 87' lang='lat' dir='ltr'>ne</span> <span class='ocrx_word' id='word_1_84' title='bbox 259 1904 331 1987; x_wconf 93' lang='lat' dir='ltr'>quis</span> <span class='ocrx_word' id='word_1_85' title='bbox 354 1903 473 1967; x_wconf 89' lang='lat' dir='ltr'>modici</span> <span class='ocrx_word' id='word_1_86' title='bbox 495 1903 656 1966; x_wconf 87' lang='lat' dir='ltr'>transiliat</span> <span class='ocrx_word' id='word_1_87' title='bbox 677 1925 811 1966; x_wconf 89' lang='lat' dir='ltr'>munera</span> <span class='ocrx_word' id='word_1_88' title='bbox 832 1901 956 1988; x_wconf 85' lang='lat' dir='ltr'>Liberi,</span> 
     </span>
     <span class='ocr_line' id='line_1_18' title="bbox 136 1991 1041 2076; baseline 0.003 -20"><span class='ocrx_word' id='word_1_89' title='bbox 136 1993 314 2058; x_wconf 73' lang='lat' dir='ltr'>Centaurea</span> <span class='ocrx_word' id='word_1_90' title='bbox 336 1995 447 2056; x_wconf 88' lang='lat' dir='ltr'>monet</span> <span class='ocrx_word' id='word_1_91' title='bbox 470 2013 543 2055; x_wconf 90' lang='lat' dir='ltr'>cum</span> <span class='ocrx_word' id='word_1_92' title='bbox 566 1991 714 2075; x_wconf 74' lang='lat' dir='ltr'>Lapithis</span> <span class='ocrx_word' id='word_1_93' title='bbox 737 1992 808 2056; x_wconf 86' lang='lat' dir='ltr'>rixa</span> <span class='ocrx_word' id='word_1_94' title='bbox 828 2014 927 2076; x_wconf 90' lang='lat' dir='ltr'>super</span> <span class='ocrx_word' id='word_1_95' title='bbox 950 2014 1041 2059; x_wconf 91' lang='lat' dir='ltr'>mero</span> 
     </span>
    </p>
   </div>
   <div class='ocr_carea' id='block_1_8' title="bbox 90 2115 1055 2468">
    <p class='ocr_par' dir='ltr' id='par_1_9' title="bbox 135 2115 975 2201">
     <span class='ocr_line' id='line_1_19' title="bbox 135 2115 975 2201; baseline 0.002 -21"><span class='ocrx_word' id='word_1_96' title='bbox 135 2117 307 2201; x_wconf 82' lang='lat' dir='ltr'>debellata,</span> <span class='ocrx_word' id='word_1_97' title='bbox 329 2119 440 2180; x_wconf 88' lang='lat' dir='ltr'>monet</span> <span class='ocrx_word' id='word_1_98' title='bbox 464 2115 621 2181; x_wconf 83' lang='lat' dir='ltr'>Sithoniis</span> <span class='ocrx_word' id='word_1_99' title='bbox 643 2139 710 2180; x_wconf 92' lang='lat' dir='ltr'>non</span> <span class='ocrx_word' id='word_1_100' title='bbox 731 2116 812 2182; x_wconf 78' lang='lat' dir='ltr'>levis</span> <span class='ocrx_word' id='word_1_101' title='bbox 835 2115 975 2201; x_wconf 82' lang='lat' dir='ltr'>Eubius,</span> 
     </span>
    </p>

    <p class='ocr_par' dir='ltr' id='par_1_10' title="bbox 90 2205 1055 2468">
     <span class='ocr_line' id='line_1_20' title="bbox 90 2205 937 2292; baseline -0.002 -21"><span class='ocrx_word' id='word_1_102' title='bbox 90 2233 116 2272; x_wconf 90' lang='lat'>10</span> <span class='ocrx_word' id='word_1_103' title='bbox 136 2229 209 2271; x_wconf 91' lang='lat' dir='ltr'>cum</span> <span class='ocrx_word' id='word_1_104' title='bbox 231 2207 281 2271; x_wconf 84' lang='lat' dir='ltr'>fas</span> <span class='ocrx_word' id='word_1_105' title='bbox 305 2210 401 2289; x_wconf 88' lang='lat' dir='ltr'>atque</span> <span class='ocrx_word' id='word_1_106' title='bbox 424 2205 514 2270; x_wconf 84' lang='lat' dir='ltr'>nefas</span> <span class='ocrx_word' id='word_1_107' title='bbox 538 2207 655 2292; x_wconf 82' lang='lat' dir='ltr'>exiguo</span> <span class='ocrx_word' id='word_1_108' title='bbox 678 2207 742 2270; x_wconf 89' lang='lat' dir='ltr'>fine</span> <span class='ocrx_word' id='word_1_109' title='bbox 766 2206 937 2270; x_wconf 86' lang='lat' dir='ltr'>libidinum</span> 
     </span>
     <span class='ocr_line' id='line_1_21' title="bbox 135 2293 1055 2382; baseline 0.002 -23"><span class='ocrx_word' id='word_1_110' title='bbox 135 2296 320 2361; x_wconf 89' lang='lat' dir='ltr'>discernunt</span> <span class='ocrx_word' id='word_1_111' title='bbox 343 2295 437 2359; x_wconf 90' lang='lat' dir='ltr'>avidi.</span> <span class='ocrx_word' id='word_1_112' title='bbox 481 2316 549 2359; x_wconf 94' lang='lat' dir='ltr'>non</span> <span class='ocrx_word' id='word_1_113' title='bbox 572 2317 632 2380; x_wconf 83' lang='lat' dir='ltr'>ego</span> <span class='ocrx_word' id='word_1_114' title='bbox 656 2298 701 2377; x_wconf 84' lang='lat' dir='ltr'>te,</span> <span class='ocrx_word' id='word_1_115' title='bbox 726 2295 858 2360; x_wconf 82' lang='lat' dir='ltr'>candide</span> <span class='ocrx_word' id='word_1_116' title='bbox 881 2293 1055 2382; x_wconf 86' lang='lat' dir='ltr'>Bassareu,</span> 
     </span>
     <span class='ocr_line' id='line_1_22' title="bbox 133 2384 961 2468; baseline 0 -20"><span class='ocrx_word' id='word_1_117' title='bbox 133 2386 272 2449; x_wconf 75' lang='lat' dir='ltr'>inviium</span> <span class='ocrx_word' id='word_1_118' title='bbox 296 2385 439 2468; x_wconf 88' lang='lat' dir='ltr'>quatiam</span> <span class='ocrx_word' id='word_1_119' title='bbox 462 2405 522 2448; x_wconf 89' lang='lat' dir='ltr'>nec</span> <span class='ocrx_word' id='word_1_120' title='bbox 544 2385 641 2447; x_wconf 87' lang='lat' dir='ltr'>variis</span> <span class='ocrx_word' id='word_1_121' title='bbox 666 2384 771 2448; x_wconf 86' lang='lat' dir='ltr'>obsita</span> <span class='ocrx_word' id='word_1_122' title='bbox 793 2384 961 2448; x_wconf 84' lang='lat' dir='ltr'>frondibus</span> 
     </span>
    </p>
   </div>
   <div class='ocr_carea' id='block_1_9' title="bbox 89 2509 1114 2860">
    <p class='ocr_par' dir='ltr' id='par_1_11' title="bbox 135 2509 1032 2593">
     <span class='ocr_line' id='line_1_23' title="bbox 135 2509 1032 2593; baseline 0.002 -19"><span class='ocrx_word' id='word_1_123' title='bbox 135 2510 193 2574; x_wconf 93' lang='lat' dir='ltr'>sub</span> <span class='ocrx_word' id='word_1_124' title='bbox 218 2511 326 2574; x_wconf 90' lang='lat' dir='ltr'>divom</span> <span class='ocrx_word' id='word_1_125' title='bbox 349 2510 481 2593; x_wconf 85' lang='lat' dir='ltr'>rapiam.</span> <span class='ocrx_word' id='word_1_126' title='bbox 528 2532 622 2574; x_wconf 88' lang='lat' dir='ltr'>saeva</span> <span class='ocrx_word' id='word_1_127' title='bbox 644 2512 717 2573; x_wconf 89' lang='lat' dir='ltr'>tene</span> <span class='ocrx_word' id='word_1_128' title='bbox 742 2531 814 2573; x_wconf 92' lang='lat' dir='ltr'>cum</span> <span class='ocrx_word' id='word_1_129' title='bbox 837 2509 1032 2592; x_wconf 84' lang='lat' dir='ltr'>Berecyntio</span> 
     </span>
    </p>

    <p class='ocr_par' dir='ltr' id='par_1_12' title="bbox 89 2597 1114 2770">
     <span class='ocr_line' id='line_1_24' title="bbox 134 2597 1114 2682; baseline 0.005 -20"><span class='ocrx_word' id='word_1_130' title='bbox 134 2621 234 2663; x_wconf 91' lang='lat' dir='ltr'>cornu</span> <span class='ocrx_word' id='word_1_131' title='bbox 263 2603 430 2682; x_wconf 83' lang='lat' dir='ltr'>tympana,</span> <span class='ocrx_word' id='word_1_132' title='bbox 459 2619 540 2681; x_wconf 91' lang='lat' dir='ltr'>quae</span> <span class='ocrx_word' id='word_1_133' title='bbox 564 2598 771 2680; x_wconf 72' lang='lat' dir='ltr'>subsequItm</span> <span class='ocrx_word' id='word_1_134' title='bbox 794 2619 904 2663; x_wconf 89' lang='lat' dir='ltr'>caecus</span> <span class='ocrx_word' id='word_1_135' title='bbox 928 2597 1034 2664; x_wconf 85' lang='lat' dir='ltr'>Amor</span> <span class='ocrx_word' id='word_1_136' title='bbox 1057 2603 1114 2667; x_wconf 90' lang='lat' dir='ltr'>sui</span> 
     </span>
     <span class='ocr_line' id='line_1_25' title="bbox 89 2685 996 2770; baseline -0.001 -18"><span class='ocrx_word' id='word_1_137' title='bbox 89 2713 114 2752; x_wconf 85' lang='lat'>15</span> <span class='ocrx_word' id='word_1_138' title='bbox 134 2691 166 2752; x_wconf 91' lang='lat' dir='ltr'>et</span> <span class='ocrx_word' id='word_1_139' title='bbox 189 2688 306 2752; x_wconf 91' lang='lat' dir='ltr'>tollens</span> <span class='ocrx_word' id='word_1_140' title='bbox 330 2709 466 2751; x_wconf 87' lang='lat' dir='ltr'>vacuom</span> <span class='ocrx_word' id='word_1_141' title='bbox 490 2688 562 2770; x_wconf 91' lang='lat' dir='ltr'>plus</span> <span class='ocrx_word' id='word_1_142' title='bbox 584 2687 685 2750; x_wconf 91' lang='lat' dir='ltr'>nimio</span> <span class='ocrx_word' id='word_1_143' title='bbox 712 2685 821 2752; x_wconf 80' lang='lat' dir='ltr'>Gloria</span> <span class='ocrx_word' id='word_1_144' title='bbox 844 2688 996 2752; x_wconf 86' lang='lat' dir='ltr'>verticem</span> 
     </span>
    </p>

    <p class='ocr_par' dir='ltr' id='par_1_13' title="bbox 133 2775 925 2860">
     <span class='ocr_line' id='line_1_26' title="bbox 133 2775 925 2860; baseline 0.001 -21"><span class='ocrx_word' id='word_1_145' title='bbox 133 2777 304 2860; x_wconf 89' lang='lat' dir='ltr'>arcanique</span> <span class='ocrx_word' id='word_1_146' title='bbox 327 2775 421 2841; x_wconf 80' lang='lat' dir='ltr'>Fides</span> <span class='ocrx_word' id='word_1_147' title='bbox 444 2776 592 2860; x_wconf 82' lang='lat' dir='ltr'>prodiga,</span> <span class='ocrx_word' id='word_1_148' title='bbox 615 2776 810 2860; x_wconf 80' lang='lat' dir='ltr'>perlucidior</span> <span class='ocrx_word' id='word_1_149' title='bbox 832 2777 925 2840; x_wconf 81' lang='lat' dir='ltr'>vitro.</span> 
     </span>
    </p>
   </div>
   <div class='ocr_carea' id='block_1_10' title="bbox 158 2915 573 2987">
    <p class='ocr_par' dir='ltr' id='par_1_14' title="bbox 158 2915 573 2987">
     <span class='ocr_line' id='line_1_27' title="bbox 158 2915 573 2987; baseline -0.005 -16"><span class='ocrx_word' id='word_1_150' title='bbox 158 2917 367 2986; x_wconf 54' lang='lat' dir='ltr'>&amp;Aaou</span> <span class='ocrx_word' id='word_1_151' title='bbox 436 2915 573 2987; x_wconf 61' lang='lat' dir='ltr'>(azan</span> 
     </span>
    </p>
   </div>
   <div class='ocr_carea' id='block_1_11' title="bbox 63 3021 1111 3596">
    <p class='ocr_par' dir='ltr' id='par_1_15' title="bbox 63 3021 1111 3596">
     <span class='ocr_line' id='line_1_28' title="bbox 159 3021 1106 3095; baseline -0.001 -19"><span class='ocrx_word' id='word_1_152' title='bbox 159 3022 195 3076; x_wconf 76' lang='lat'>⁸22</span> <span class='ocrx_word' id='word_1_153' title='bbox 215 3039 267 3077; x_wconf 87' lang='lat' dir='ltr'>nec</span> <span class='ocrx_word' id='word_1_154' title='bbox 284 3055 320 3064; x_wconf 89' lang='lat'>—</span> <span class='ocrx_word' id='word_1_155' title='bbox 337 3021 446 3091; x_wconf 88' lang='lat' dir='ltr'>proelia</span> <span class='ocrx_word' id='word_1_156' title='bbox 464 3024 571 3077; x_wconf 82' lang='lat' dir='ltr'>obrem</span> <span class='ocrx_word' id='word_1_157' title='bbox 590 3024 662 3079; x_wconf 80' lang='lat' dir='ltr'>Serv.</span> <span class='ocrx_word' id='word_1_158' title='bbox 676 3041 764 3095; x_wconf 72' lang='lat' dir='ltr'>peorp.</span> <span class='ocrx_word' id='word_1_159' title='bbox 779 3027 806 3090; x_wconf 83' lang='lat'>2,</span> <span class='ocrx_word' id='word_1_160' title='bbox 825 3026 880 3076; x_wconf 79' lang='lat'>455</span> <span class='ocrx_word' id='word_1_161' title='bbox 912 3054 914 3061; x_wconf 50' lang='grc' dir='ltr'><strong><em>ι</em></strong></span> <span class='ocrx_word' id='word_1_162' title='bbox 1103 3054 1106 3059; x_wconf 94' lang='grc'><strong>-</strong></span> 
     </span>
     <span class='ocr_line' id='line_1_29' title="bbox 63 3092 1111 3166; baseline 0.004 -18"><span class='ocrx_word' id='word_1_163' title='bbox 63 3117 65 3121; x_wconf 95' lang='grc'><em>·</em></span> <span class='ocrx_word' id='word_1_164' title='bbox 160 3094 241 3166; x_wconf 81' lang='grc'>18,2</span> <span class='ocrx_word' id='word_1_165' title='bbox 261 3092 393 3163; x_wconf 76' lang='lat' dir='ltr'>catQilli</span> <span class='ocrx_word' id='word_1_166' title='bbox 406 3094 442 3163; x_wconf 99' lang='lat' dir='ltr'>Q</span> <span class='ocrx_word' id='word_1_167' title='bbox 455 3093 493 3165; x_wconf 86' lang='lat' dir='ltr'>Q</span> <span class='ocrx_word' id='word_1_168' title='bbox 507 3095 633 3163; x_wconf 79' lang='lat' dir='ltr'>(Blaad.)</span> <span class='ocrx_word' id='word_1_169' title='bbox 695 3094 760 3150; x_wconf 82' lang='lat' dir='ltr'>bob</span> <span class='ocrx_word' id='word_1_170' title='bbox 775 3109 888 3162; x_wconf 88' lang='lat' dir='ltr'>crepare</span> <span class='ocrx_word' id='word_1_171' title='bbox 903 3095 978 3149; x_wconf 79' lang='lat' dir='ltr'>Noa.</span> <span class='ocrx_word' id='word_1_172' title='bbox 992 3097 1059 3165; x_wconf 83' lang='lat'><em>255,</em></span> <span class='ocrx_word' id='word_1_173' title='bbox 1070 3103 1111 3152; x_wconf 79' lang='lat'>17</span> 
     </span>
     <span class='ocr_line' id='line_1_30' title="bbox 88 3164 1111 3234; baseline 0.005 -15"><span class='ocrx_word' id='word_1_174' title='bbox 88 3167 147 3234; x_wconf 77' lang='lat' dir='ltr'>(qai</span> <span class='ocrx_word' id='word_1_175' title='bbox 178 3167 259 3220; x_wconf 80' lang='lat' dir='ltr'>babet</span> <span class='ocrx_word' id='word_1_176' title='bbox 289 3164 463 3234; x_wconf 87' lang='lat' dir='ltr'>mollitiem),</span> <span class='ocrx_word' id='word_1_177' title='bbox 495 3168 527 3219; x_wconf 88' lang='lat' dir='ltr'>ob</span> <span class='ocrx_word' id='word_1_178' title='bbox 555 3167 626 3219; x_wconf 80' lang='lat' dir='ltr'>idem</span> <span class='ocrx_word' id='word_1_179' title='bbox 655 3169 766 3220; x_wconf 81' lang='lat' dir='ltr'>verbam</span> <span class='ocrx_word' id='word_1_180' title='bbox 792 3166 865 3221; x_wconf 76' lang='lat' dir='ltr'>Serv.</span> <span class='ocrx_word' id='word_1_181' title='bbox 894 3167 963 3220; x_wconf 80' lang='lat' dir='ltr'>Aea.</span> <span class='ocrx_word' id='word_1_182' title='bbox 991 3170 1019 3232; x_wconf 87' lang='lat'>1,</span> <span class='ocrx_word' id='word_1_183' title='bbox 1049 3171 1111 3224; x_wconf 87' lang='grc'>738</span> 
     </span>
     <span class='ocr_line' id='line_1_31' title="bbox 88 3237 1109 3308; baseline 0.004 -18"><span class='ocrx_word' id='word_1_184' title='bbox 88 3239 185 3305; x_wconf 88' lang='lat' dir='ltr'>crepat</span> <span class='ocrx_word' id='word_1_185' title='bbox 202 3238 239 3307; x_wconf 96' lang='lat' dir='ltr'>Q</span> <span class='ocrx_word' id='word_1_186' title='bbox 255 3237 293 3308; x_wconf 84' lang='lat' dir='ltr'>Q</span> <span class='ocrx_word' id='word_1_187' title='bbox 312 3237 416 3290; x_wconf 78' lang='lat' dir='ltr'>Blaad.</span> <span class='ocrx_word' id='word_1_188' title='bbox 435 3238 516 3290; x_wconf 81' lang='lat' dir='ltr'>schol.</span> <span class='ocrx_word' id='word_1_189' title='bbox 532 3238 591 3290; x_wconf 85' lang='grc' dir='ltr'>ΑΓ</span> <span class='ocrx_word' id='word_1_190' title='bbox 606 3238 681 3291; x_wconf 81' lang='lat' dir='ltr'>Noa.</span> <span class='ocrx_word' id='word_1_191' title='bbox 701 3239 773 3292; x_wconf 81' lang='lat' dir='ltr'>Sera.</span> <span class='ocrx_word' id='word_1_192' title='bbox 798 3238 851 3307; x_wconf 80' lang='lat' dir='ltr'>(bic</span> <span class='ocrx_word' id='word_1_193' title='bbox 869 3239 988 3306; x_wconf 84' lang='lat' dir='ltr'>crepet),</span> <span class='ocrx_word' id='word_1_194' title='bbox 1013 3237 1109 3294; x_wconf 85' lang='lat' dir='ltr'>incre-</span> 
     </span>
     <span class='ocr_line' id='line_1_32' title="bbox 86 3307 1108 3377; baseline 0.003 -16"><span class='ocrx_word' id='word_1_195' title='bbox 86 3311 138 3377; x_wconf 88' lang='lat' dir='ltr'>pat</span> <span class='ocrx_word' id='word_1_196' title='bbox 158 3309 216 3361; x_wconf 85' lang='grc' dir='ltr'>ΦΕ</span> <span class='ocrx_word' id='word_1_197' title='bbox 301 3307 370 3363; x_wconf 79' lang='grc'>801)</span> <span class='ocrx_word' id='word_1_198' title='bbox 389 3325 445 3361; x_wconf 81' lang='lat' dir='ltr'>rem</span> <span class='ocrx_word' id='word_1_199' title='bbox 462 3309 616 3362; x_wconf 67' lang='lat' dir='ltr'>seboin?</span> <span class='ocrx_word' id='word_1_200' title='bbox 633 3310 671 3362; x_wconf 82' lang='lat' dir='ltr'>ad</span> <span class='ocrx_word' id='word_1_201' title='bbox 688 3312 813 3374; x_wconf 67' lang='grc'>001102,</span> <span class='ocrx_word' id='word_1_202' title='bbox 828 3313 904 3376; x_wconf 84' lang='lat'><em>12‚6</em></span> <span class='ocrx_word' id='word_1_203' title='bbox 991 3307 1027 3361; x_wconf 95' lang='lat' dir='ltr'>ll</span> <span class='ocrx_word' id='word_1_204' title='bbox 1048 3326 1108 3364; x_wconf 89' lang='lat' dir='ltr'>non</span> 
     </span>
     <span class='ocr_line' id='line_1_33' title="bbox 86 3378 1108 3448; baseline 0.006 -16"><span class='ocrx_word' id='word_1_205' title='bbox 86 3412 121 3420; x_wconf 97' lang='lat'><strong>—</strong></span> <span class='ocrx_word' id='word_1_206' title='bbox 145 3379 272 3448; x_wconf 85' lang='lat' dir='ltr'>quatiam</span> <span class='ocrx_word' id='word_1_207' title='bbox 295 3381 327 3434; x_wconf 89' lang='lat' dir='ltr'>ob</span> <span class='ocrx_word' id='word_1_208' title='bbox 350 3397 406 3433; x_wconf 85' lang='lat' dir='ltr'>rem</span> <span class='ocrx_word' id='word_1_209' title='bbox 429 3378 501 3434; x_wconf 80' lang='lat' dir='ltr'>Sero.</span> <span class='ocrx_word' id='word_1_210' title='bbox 522 3381 591 3433; x_wconf 82' lang='lat' dir='ltr'>Aea.</span> <span class='ocrx_word' id='word_1_211' title='bbox 610 3384 636 3446; x_wconf 75' lang='lat'>4,</span> <span class='ocrx_word' id='word_1_212' title='bbox 656 3383 711 3434; x_wconf 84' lang='lat'>302</span> <span class='ocrx_word' id='word_1_213' title='bbox 803 3379 840 3433; x_wconf 81' lang='lat' dir='ltr'>lb</span> <span class='ocrx_word' id='word_1_214' title='bbox 868 3380 901 3434; x_wconf 86' lang='lat' dir='ltr'>ob</span> <span class='ocrx_word' id='word_1_215' title='bbox 924 3378 989 3448; x_wconf 92' lang='lat' dir='ltr'>plus</span> <span class='ocrx_word' id='word_1_216' title='bbox 1013 3379 1108 3438; x_wconf 89' lang='lat' dir='ltr'>nimio</span> 
     </span>
     <span class='ocr_line' id='line_1_34' title="bbox 87 3450 1109 3522; baseline 0.001 -16"><span class='ocrx_word' id='word_1_217' title='bbox 87 3453 181 3520; x_wconf 82' lang='lat' dir='ltr'>Pomp.</span> <span class='ocrx_word' id='word_1_218' title='bbox 197 3468 311 3522; x_wconf 73' lang='lat' dir='ltr'>prauam.</span> <span class='ocrx_word' id='word_1_219' title='bbox 330 3450 357 3503; x_wconf 90' lang='lat' dir='ltr'><strong><em>V</em></strong></span> <span class='ocrx_word' id='word_1_220' title='bbox 372 3455 435 3516; x_wconf 87' lang='lat'><strong><em>157,</em></strong></span> <span class='ocrx_word' id='word_1_221' title='bbox 454 3456 480 3516; x_wconf 83' lang='lat'>1,</span> <span class='ocrx_word' id='word_1_222' title='bbox 498 3453 531 3505; x_wconf 88' lang='lat' dir='ltr'>ob</span> <span class='ocrx_word' id='word_1_223' title='bbox 550 3452 607 3505; x_wconf 81' lang='lat' dir='ltr'>ima</span> <span class='ocrx_word' id='word_1_224' title='bbox 625 3453 698 3505; x_wconf 77' lang='lat' dir='ltr'>inem</span> <span class='ocrx_word' id='word_1_225' title='bbox 717 3451 789 3505; x_wconf 81' lang='lat' dir='ltr'>Sera.</span> <span class='ocrx_word' id='word_1_226' title='bbox 804 3453 874 3505; x_wconf 82' lang='lat' dir='ltr'>Aea.</span> <span class='ocrx_word' id='word_1_227' title='bbox 889 3454 915 3516; x_wconf 88' lang='lat'>9,</span> <span class='ocrx_word' id='word_1_228' title='bbox 935 3454 990 3505; x_wconf 79' lang='lat'>630</span> <span class='ocrx_word' id='word_1_229' title='bbox 1067 3451 1109 3508; x_wconf 84' lang='lat' dir='ltr'>Et</span> 
     </span>
     <span class='ocr_line' id='line_1_35' title="bbox 86 3521 1108 3596; baseline 0.004 -20"><span class='ocrx_word' id='word_1_230' title='bbox 86 3522 188 3576; x_wconf 85' lang='lat' dir='ltr'>tollens</span> <span class='ocrx_word' id='word_1_231' title='bbox 203 3523 239 3593; x_wconf 97' lang='lat' dir='ltr'>Q</span> <span class='ocrx_word' id='word_1_232' title='bbox 251 3521 289 3593; x_wconf 81' lang='lat' dir='ltr'>Q</span> <span class='ocrx_word' id='word_1_233' title='bbox 307 3522 433 3593; x_wconf 68' lang='lat' dir='ltr'>(Bianti.)</span> <span class='ocrx_word' id='word_1_234' title='bbox 451 3524 579 3592; x_wconf 75' lang='lat' dir='ltr'>(Pomp),</span> <span class='ocrx_word' id='word_1_235' title='bbox 622 3521 790 3589; x_wconf 62' lang='lat' dir='ltr'>attellanae),</span> <span class='ocrx_word' id='word_1_236' title='bbox 809 3521 949 3576; x_wconf 84' lang='lat' dir='ltr'>Attollens</span> <span class='ocrx_word' id='word_1_237' title='bbox 968 3541 989 3576; x_wconf 75' lang='lat' dir='ltr'>a</span> <span class='ocrx_word' id='word_1_238' title='bbox 1008 3522 1108 3596; x_wconf 80' lang='lat' dir='ltr'>(Serv.)</span> 
     </span>
    </p>
   </div>
   <div class='ocr_carea' id='block_1_12' title="bbox 0 0 1204 3968">
    <p class='ocr_par' dir='ltr' id='par_1_16' title="bbox 0 0 1204 3968">
     <span class='ocr_line' id='line_1_36' title="bbox 0 0 1204 3968; baseline 0 3"><span class='ocrx_word' id='word_1_239' title='bbox 0 0 1204 3968; x_wconf 95' lang='lat' dir='ltr'> </span> 
     </span>
    </p>
   </div>
  </div>
 </body>
</html>
