2400 3968
92 194 157 257 260
519 192 604 247 PIST.
623 194 636 246 I
654 199 679 247 5.
699 200 723 248 6.

145 360 259 423 parcus
284 339 325 403 ob
349 337 476 403 heredis
500 360 609 403 curam
633 339 834 422 nimiumque
858 363 984 405 severus

145 428 269 493 adsidet
292 429 418 492 insano:
443 433 555 512 potare
579 434 610 492 et
634 451 784 514 spargere
808 431 904 494 flores

105 544 130 583 15
145 519 297 600 incipiam
321 518 490 601 patiarque
513 520 565 582 vel
588 519 788 583 inconsultus
811 518 932 584 haberi

146 607 225 690 quid
248 629 314 670 uon
337 606 475 671 ebrietas
500 607 680 692 dissignat?
726 612 838 692 operta
861 608 1006 692 recludit,

143 719 216 780 spes
239 695 330 759 iubet
352 716 420 759 esse
443 699 539 778 ratae,
562 697 602 760 ad
624 695 748 780 proelia
770 697 874 762 trudit
897 697 1038 780 inertem,

146 785 293 850 sollicitis
317 785 432 848 animis
457 806 538 848 onus
563 786 684 868 eximit,
708 785 843 851 addocet
866 787 955 851 artis.

143 875 273 938 facundi
296 873 410 938 calices
435 896 530 957 quem
553 875 745 938 nonfacere
768 875 937 958 disertum,

104 991 130 1029 a>
145 967 311 1028 contracta
335 985 430 1045 quem
454 985 521 1028 nou
544 964 579 1027 in
601 968 791 1047 paupertate
815 966 982 1029 solutum?

143 1054 222 1117 haec
245 1073 305 1136 ego
330 1073 501 1135 procurare
525 1057 557 1117 et
580 1053 715 1118 idoneus
738 1055 882 1137 imperor
904 1058 938 1118 et
961 1077 1025 1119 non
1044 1071 1048 1078 '
1145 1098 1147 1119 .

146 1142 276 1225 invitae,
299 1164 339 1204 ne
363 1145 456 1224 turpe
479 1141 574 1223 toral,
597 1164 637 1205 ne
661 1141 790 1206 sordida
812 1165 933 1226 mappa

143 1253 236 1295 corru
261 1234 293 1294 et
315 1231 412 1311 naris,
435 1253 475 1294 ne
497 1253 564 1295 non
587 1235 620 1295 et
643 1231 815 1295 cantharus
838 1235 872 1295 et
894 1232 972 1296 lanx

143 1254 292 1384 ostendat
314 1319 375 1382 tibi
399 1323 440 1403 te,
463 1342 504 1384 ne
526 1321 608 1384 fidos
632 1319 717 1384 inter
739 1320 858 1386 amicos

102 1410 186 1474 assit
210 1409 265 1492 qui
290 1410 375 1472 dicta
397 1409 483 1473 foras
508 1409 661 1491 eliminet,
684 1413 720 1473 ut
744 1413 833 1475 coeat
857 1431 917 1492 par

143 1500 358 1583 iungaturque
381 1498 464 1580 pari:
489 1497 624 1562 Butram
647 1498 708 1563 tibi
732 1496 976 1582 Septiciumque

143 1591 174 1650 et
196 1587 260 1650 nisi
284 1609 361 1650 cena
383 1588 474 1670 prior
496 1588 667 1671 potiorque
689 1587 798 1670 puella
821 1585 980 1652 Sabinum

144 1677 264 1740 detinet
288 1675 467 1759 adsumam,
490 1677 581 1740 locus
605 1679 654 1739 est
677 1682 709 1740 et
731 1676 879 1760 pluribus
903 1679 1042 1761 umbris,

143 1765 196 1828 sed
219 1765 316 1829 nimis
340 1769 409 1828 arta
432 1770 583 1848 premunt
607 1765 711 1830 olidae
735 1766 884 1830 convivia
907 1787 1032 1850 caprae.

101 1880 127 1919 ao
142 1859 177 1917 tu
202 1857 320 1937 quotus
344 1875 412 1917 esse
436 1854 514 1918 velis
537 1855 676 1918 rescribe
699 1858 732 1919 et
754 1855 849 1919 rebus
875 1857 1006 1920 omissis

143 1944 224 2006 atria
248 1947 428 2007 servantem
452 1944 577 2026 postico
602 1944 677 2007 falle
701 1944 859 2009 clientem.

572 2156 628 2220 VI.

140 2262 199 2327 Nil
221 2264 371 2327 admirari
394 2284 492 2347 prope
516 2286 567 2326 res
591 2268 640 2328 est
662 2287 736 2347 una,
758 2263 898 2345 Numici,

141 2353 283 2438 solaque,
306 2375 387 2437 quae
410 2353 514 2436 possit
536 2352 641 2418 facere
665 2358 697 2417 et
721 2375 846 2418 servare
869 2353 1011 2417 beatum.

140 2441 226 2504 hunc
250 2444 350 2506 solem
375 2445 406 2505 et
430 2443 539 2505 stellas
563 2445 595 2505 et
619 2442 803 2506 decedentia
827 2441 921 2507 certis

140 2535 287 2613 tempora
309 2532 481 2594 momentis
505 2534 580 2595 sunt
604 2533 660 2614 qui
682 2531 855 2595 formidine
877 2530 969 2595 nulla

158 2671 290 2739 mian
360 2671 496 2742 eane

160 2794 197 2848 16
221 2795 362 2864 dissignat
384 2796 421 2865 Q
437 2795 476 2866 Q
494 2797 595 2864 Porpb.
616 2797 661 2864 (cf.
681 2797 761 2850 schot.
780 2799 807 2848 Γ
822 2794 861 2849 cd
884 2795 961 2863 epist.
982 2801 1008 2860 1,
1031 2801 1056 2862 7,
1076 2802 1111 2861 ol,

89 2866 220 2935 designat
239 2867 347 2934 ‹pGotla
390 2867 425 2919 17
447 2868 566 2920 inertem
579 2867 616 2937 Q
629 2866 679 2938 Q,
699 2867 834 2921 inermem
848 2867 947 2920 ΑΕΗ
992 2866 1031 2920 19
1051 2885 1109 2922 cum

88 2939 210 2992 temerate
229 2937 366 2991 disertum
385 2939 485 2992 babeat
502 2939 626 3005 exempla
645 2940 732 2993 Vatia.
747 2941 803 2991 212
874 2937 1003 2990 Facundi
1022 2940 1060 3009 Q
1075 2939 1111 3010 Q

89 3011 221 3077 (excerpta
244 3009 353 3078 Vatia),
381 3009 507 3062 Facundi
522 3027 540 3062 a
554 3010 618 3063 Fit
628 3010 707 3064 Goth.
781 3007 816 3062 21
837 3039 870 3047 -
886 3007 992 3062 invitus
1012 3013 1046 3064 ob
1061 3011 1110 3062 im-

87 3097 172 3205 {stt
187 3082 476 3206 {lectitabat
495 3078 683 3206 idtqtd
703 3082 799 3204 *llll
817 3079 1109 3220 “illllinbtlde

88 3240 192 3292 mappa
211 3170 373 3278 dempnea.
393 3228 421 3290 2,
440 3227 498 3277 272
587 3193 626 3276 23
646 3238 796 3292 corrugare
814 3237 905 3285 nares,
922 3225 957 3275 ut
976 3171 1109 3278 Horatiis

89 3295 137 3363 ait,
215 3296 379 3348 indecomm
399 3297 442 3349 est
458 3295 552 3364 Queat.
569 3299 612 3359 11,
626 3297 653 3360 3,
667 3298 706 3347 80
779 3292 816 3347 25
835 3297 868 3346 ut
884 3293 922 3363 Q
934 3293 986 3365 Q,
1006 3297 1037 3348 et
1051 3296 1109 3349 Ftl

88 3365 126 3418 26
150 3366 264 3419 butram
283 3368 319 3436 Q
336 3367 386 3438 Q,
411 3367 524 3420 brutam
544 3367 636 3434 Euri
660 3365 786 3434 (Blaad.)
860 3363 895 3417 27
922 3380 993 3419 cena
1011 3367 1049 3437 Q
1065 3365 1108 3438 Θ,

88 3440 163 3491 oratis.
184 3439 245 3491 AB
318 3455 373 3506 que
391 3439 427 3507 Q
445 3438 490 3508 Q,
510 3454 543 3491 ve
562 3439 596 3491 L.
613 3436 719 3491 Mdllcr
791 3434 828 3489 28
849 3436 998 3490 adsumam
1017 3439 1056 3503 E,
1074 3437 1108 3490 ad

89 3525 228 3561 summam
246 3510 283 3579 Q
300 3509 338 3580 Q
357 3511 482 3578 (Blaad.)
559 3507 596 3561 31
617 3509 649 3563 ob
667 3515 756 3562 aeutr.
775 3506 885 3576 postico
905 3507 980 3562 Serv.
998 3510 1068 3563 Aea.
1082 3513 1106 3572 2,

89 3583 151 3645 453,
170 3581 234 3633 item
253 3582 376 3649 eaempla
396 3581 482 3636 Vatia.
499 3583 553 3634 163
574 3579 665 3648 (Atria
683 3578 841 3646 fallentem)
