2400 3968
91 231 159 296 220
503 231 609 286 SERM.
628 231 655 285 11
673 239 697 287 3.

149 381 227 441 tune
251 376 382 441 insanus
406 378 478 460 eris,
502 377 529 441 si
552 379 722 461 acceperis,
745 400 787 441 an
811 379 916 464 magis
937 398 1025 442 excors

152 468 272 530 reiecta
295 467 421 550 praeda,
445 488 541 548 quam
564 488 716 550 praesens
740 467 922 533 Mercurius
943 467 1013 532 fert?

150 555 253 619 scribe
277 556 386 620 decem
409 577 428 618 a
450 553 564 620 Nerio:
587 577 654 620 non
677 560 726 621 est
749 557 844 641 satis3
868 557 946 622 adde
968 555 1058 621 Cicuta

107 671 134 710 rc
147 643 263 709 nodosi
286 644 422 728 tabulas,
446 648 584 726 centum,
606 644 696 708 mille
719 644 800 709 adde
825 651 965 731 catenas3

149 733 281 819 effugiet
303 737 412 797 tamen
434 733 514 798 haec
538 735 711 798 sceleratus
735 735 867 799 vincula
889 735 1020 800 Proteus.

148 843 222 885 cum
245 823 350 906 rapies
373 822 407 885 in
431 823 481 885 ius
504 822 598 886 malis
621 824 779 887 ridentem
803 824 928 911 alienis,

147 911 204 974 fiet
219 934 302 995 aper,
317 912 413 976 modo
428 911 506 994 avis,
518 911 616 976 modo
632 933 744 976 saxum
759 916 801 995 et,
817 934 892 977 cum
904 913 996 995 volet,
1007 909 1075 976 aur.

147 1000 175 1064 si
198 1002 282 1064 male
305 1023 372 1064 rem
397 1021 507 1085 gerere
530 999 635 1064 insani
660 1006 716 1083 est,
741 1005 856 1066 contra
879 1003 959 1067 bene
981 1000 1044 1066 sani:

106 1114 132 1154 rs
147 1089 291 1172 putidius
314 1089 418 1153 multo
443 1089 608 1152 cerebrum
632 1094 689 1173 est,
713 1089 795 1154 mihi
819 1093 923 1176 crede,
944 1087 1040 1156 Perelli

148 1179 306 1261 dictantis,
331 1178 419 1260 quod
441 1181 478 1241 tu
501 1200 676 1262 numquam
699 1179 875 1244 rescribere
898 1180 1007 1265 possis.

147 1267 257 1330 audire
280 1271 379 1350 atque
401 1271 513 1352 togam
537 1267 632 1333 iubeo
656 1288 847 1353 conponere,
873 1270 1016 1353 quisquis

147 1355 324 1421 ambitione
347 1356 433 1420 mala
455 1360 511 1420 aut
534 1355 660 1440 argenti
682 1357 782 1440 pallet
805 1380 927 1442 aurore,

148 1446 295 1527 quisquis
318 1446 447 1508 luxuria
469 1445 596 1510 tristive
620 1446 850 1528 superstitione

105 1560 132 1599 so
147 1537 203 1597 aut
226 1535 288 1597 alio
312 1535 430 1598 mentis
453 1535 567 1598 morbo
592 1534 687 1598 calet:
710 1535 774 1598 huc
796 1537 933 1621 propius
957 1558 1012 1618 me,

148 1623 223 1687 dum
248 1622 347 1688 doceo
371 1623 510 1687 insanire
534 1624 647 1706 omnis,
670 1645 728 1687 vos
752 1626 866 1689 ordine
889 1626 982 1690 adite.
1093 1668 1095 1673 -

190 1711 319 1775 “danda
343 1716 391 1776 est
414 1711 548 1776 ellebori
571 1713 675 1777 multo
698 1735 772 1796 pars
796 1715 942 1779 maxima
962 1711 1056 1780 avaris:

144 1801 254 1866 nescio
279 1823 320 1865 an
342 1799 532 1884 Anticyram
555 1804 639 1865 ratic
663 1800 729 1866 illis
754 1802 896 1868 destinet
920 1825 1040 1869 omnen.

145 1890 278 1954 heredes
302 1888 430 1954 Staberi
453 1912 613 1954 summam
636 1890 776 1955 incidere
800 1892 961 1977 sepulcro,

103 2004 130 2045 es
145 1981 179 2042 ni
203 1980 249 2042 sic
271 1979 431 2062 fecissent,
455 1978 671 2064 gladiatorum
694 1979 769 2044 dare
793 1986 925 2046 contum

146 2068 289 2132 damnati
312 2069 434 2152 populo
457 2068 549 2151 paria
572 2071 669 2152 atque
692 2072 824 2153 epulum
848 2070 985 2137 arbitrio
1007 2064 1072 2148 Arri,

144 2158 300 2221 frumenti
324 2161 481 2240 quantum
505 2158 599 2221 metit
621 2156 740 2221 Africa.
787 2159 867 2223 ‘sive
891 2181 953 2244 ego
975 2179 1058 2244 praue

146 2268 202 2311 seu
225 2250 312 2311 recte
333 2246 396 2310 hoc
420 2246 517 2329 volui,
540 2268 580 2309 ne
605 2246 648 2310 sis
672 2249 805 2329 patruos
829 2249 939 2313 mihi':
964 2249 1055 2329 credo,

144 2335 206 2400 hoc
226 2334 354 2399 Staberi
376 2336 566 2419 prudentem
590 2335 733 2400 animum
756 2336 886 2401 vidisse.
925 2339 1015 2422 ‘quid
1034 2353 1089 2419 ergo

103 2425 254 2508 assensit,
278 2446 351 2488 cum
376 2446 534 2488 summam
557 2425 734 2507 patrimoni
758 2425 941 2512 insculpere
965 2449 1037 2492 saxo

144 2513 277 2577 heredes
301 2513 439 2577 voluitl’
463 2513 570 2596 quoad
591 2514 681 2597 vixit,
706 2514 843 2578 credidit
866 2517 983 2602 ingens

143 2603 469 2685 pauperiemvitium
492 2605 524 2665 et
548 2602 633 2666 cavit
655 2602 739 2667 nihil
761 2605 877 2687 acrius,
901 2609 948 2690 ut,
972 2606 999 2670 si

144 2692 229 2755 forte
251 2692 358 2755 minus
381 2691 526 2775 locuples
551 2713 615 2756 uno
640 2691 818 2774 quadrante
841 2695 997 2778 perisset,

144 2780 213 2863 ipsc
236 2780 399 2844 videretur
423 2780 485 2844 sibi
508 2780 656 2863 nequior:
682 2780 798 2846 ‘omnis
822 2783 910 2847 enim
933 2805 995 2868 res,

102 2893 128 2933 ss
143 2869 256 2952 virtus,
279 2870 374 2953 fama,
398 2870 502 2952 decus,
527 2868 636 2932 divina
658 2869 861 2954 humanaque
886 2873 1009 2955 pulcris

144 2958 267 3023 divitiis
289 2962 418 3043 parent3
442 2980 521 3043 quas
546 2959 601 3042 qui
625 2961 851 3044 construxerit,
874 2961 932 3026 ille

158 3116 285 3186 <n=an
354 3116 454 3188 qno

161 3257 199 3311 99
224 3259 256 3313 ob
281 3258 371 3311 scribe
395 3259 467 3314 Sero.
488 3260 557 3313 Aen.
579 3264 604 3325 7,
624 3262 679 3312 422
753 3259 870 3327 quidam
890 3262 997 3318 Anerio
1015 3259 1095 3330 tofis

90 3328 191 3399 legunt
204 3330 251 3384 Ps.
267 3331 369 3398 Porpb.
436 3330 471 3383 71
494 3331 564 3384 haec
583 3331 736 3384 sceleratus
750 3332 787 3401 Θ
799 3331 849 3403 Θ,
869 3332 918 3387 hic
937 3327 1095 3390 celeretusll

91 3400 128 3454 72
146 3401 190 3453 ius
209 3401 245 3471 Θ
257 3402 336 3455 Goth.
352 3402 462 3469 Porpb„
487 3402 549 3455 iura
570 3405 616 3455 Φα
709 3402 744 3456 75
764 3405 836 3458 redit
854 3404 885 3458 D
890 3426 901 3470 ;
922 3406 971 3477 [Θ
982 3429 988 3460 :
998 3399 1095 3471 anit]

90 3472 127 3525 76
152 3473 185 3525 ob
203 3472 357 3526 rescribere
376 3471 448 3526 Sero.
468 3474 537 3526 Aea.
555 3478 579 3538 7,
596 3477 652 3526 422
730 3473 766 3527 91
792 3476 888 3541 quoad
906 3477 983 3532 uixit
1000 3483 1039 3532 vel
1054 3486 1095 3542 qm

87 3542 200 3596 aduixit
213 3544 250 3613 Θ
262 3543 313 3615 Θ,
332 3544 409 3609 quod
427 3543 538 3596 aduixit
552 3546 582 3596 E
591 3543 636 3598 1οι1
705 3544 743 3598 93
761 3545 884 3613 perisset
900 3551 937 3614 Φ,
956 3542 1095 3618 periret&

86 3612 128 3668 99
147 3613 336 3667 construxerit
352 3614 397 3683 Θ,
417 3616 588 3668 contraxerit
605 3615 643 3686 Θ
659 3617 786 3685 (Blunct)
