2400 3968
89 168 155 232 304
497 167 608 223 EPIST.
626 167 653 221 H
671 175 696 222 2.

141 312 294 376 nimirum
318 334 429 396 sapere
452 317 501 376 est
524 312 659 379 abiectis
682 314 764 378 utile
786 314 885 399 nugis

140 407 172 466 et
195 402 422 485 tempestivom
445 402 554 485 pueris
578 403 751 468 concedere
773 402 889 467 ludum

139 512 265 556 aenon
288 491 386 555 verba
405 491 496 574 sequi
519 491 638 557 fidibus
661 491 858 556 modulanda
879 490 1018 574 Latinis,

140 580 195 643 sed
218 601 311 644 verae
334 602 550 664 numerosque
572 581 750 664 modosque
774 581 916 645 ediscere
939 580 1031 646 vitae.

86 695 125 735 us
141 670 291 752 quocirca
314 691 440 733 mecum
464 669 581 752 loquor
602 671 681 734 haec
704 669 890 753 tacitusque
913 671 1068 735 recordor:

141 759 168 822 si
191 758 252 822 tibi
274 760 364 823 nulla
389 758 478 821 sitim
501 759 611 823 finiret
634 760 727 842 copia
749 758 918 844 lymphae,

140 869 285 912 narrares
309 847 455 910 medicis:
479 847 565 930 quod
590 853 710 932 quanto
733 848 830 932 plura
852 849 991 932 parasti,
1097 848 1100 853 ’

140 940 231 1001 tanto
255 938 348 1020 plura
373 937 476 1021 cupis,
499 936 623 1000 nulline
645 938 777 1000 faterier
799 937 923 1003 audes?

140 1026 169 1088 si
191 1027 307 1090 volnus
331 1025 392 1089 tibi
415 1029 596 1089 monstrata
618 1026 724 1090 radice
747 1027 799 1090 vel
821 1025 925 1090 herba

85 1139 125 1181 rso
139 1136 205 1178 non
227 1115 320 1178 fieret
341 1115 461 1198 levius,
483 1114 613 1199 fugeres
635 1115 742 1179 radice
765 1115 817 1179 vel
838 1115 942 1179 herba

140 1203 328 1288 proficiente
352 1204 435 1267 nihil
458 1205 611 1267 curarier:
635 1203 794 1287 audieras,
818 1204 870 1268 cui

140 1315 206 1356 rem
229 1293 262 1356 di
286 1292 456 1375 donarent,
479 1292 528 1356 illi
552 1293 704 1357 decedere
726 1315 859 1377 pravam

139 1381 324 1465 stultitiam,
348 1385 393 1464 et,
417 1402 489 1445 cum
514 1382 558 1446 sis
581 1381 684 1446 nihilo
709 1381 887 1466 sapientior
911 1404 951 1446 ex
976 1405 1037 1466 quo

139 1471 265 1554 plenior
288 1492 337 1555 es,
358 1474 467 1534 tamen
490 1471 591 1534 uteris
614 1470 831 1535 monitoribus
854 1471 982 1535 isdem?

86 1584 125 1625 1ss
140 1565 174 1623 at
197 1559 224 1623 si
248 1559 378 1624 divitiae
401 1560 592 1643 prudentem
614 1560 746 1624 reddere
768 1565 916 1643 possent,

139 1649 165 1712 si
191 1648 342 1732 cupidum
364 1648 579 1731 timidumque
602 1649 709 1713 minus
732 1653 777 1714 te:
800 1671 918 1733 nempe
941 1650 1075 1731 rubores,

139 1737 261 1801 viveret
283 1739 318 1801 in
341 1739 436 1801 terris
459 1742 492 1801 te
515 1737 618 1821 siquis
641 1739 768 1803 avarior
789 1760 864 1803 uno.

139 1827 166 1890 si
184 1827 352 1911 proprium
372 1831 429 1908 est,
448 1827 535 1909 quod
556 1828 628 1911 quis
642 1827 725 1890 libra
738 1829 899 1892 mercatus
914 1831 947 1892 et
961 1849 1033 1892 aere
1046 1830 1092 1909 est,

139 1916 309 2000 quaedam,
334 1916 361 1979 si
385 1915 488 1982 credis
505 1916 682 1999 consultis,
705 1916 870 2000 mancipat
892 1939 987 1981 usus:

86 2031 125 2071 1so
140 2005 197 2088 qui
219 2008 252 2068 te
275 2004 379 2088 pascit
402 2027 478 2090 ager
500 2008 575 2069 tuos
598 2010 660 2087 est,
684 2009 716 2068 et
738 2005 853 2070 vilicus
877 2005 973 2089 Orbi,

140 2116 213 2159 cum
237 2097 361 2179 segetes
386 2097 477 2157 occat
498 2093 560 2157 tibi
583 2115 660 2158 mox
682 2094 845 2159 frumenta
868 2095 1016 2178 daturus,

139 2187 171 2246 te
195 2183 362 2247 dominum
387 2184 493 2246 sentit.
540 2185 596 2247 das
620 2205 785 2266 nummos,
808 2182 928 2267 accipis
951 2207 1059 2267 uvam,

138 2272 259 2356 pullos,
283 2294 356 2355 ova,
380 2273 494 2335 cadum
516 2273 641 2336 temeti:
664 2294 779 2356 nempe
802 2274 901 2336 modo
925 2274 991 2338 isto

138 2361 294 2444 paulatim
317 2362 468 2426 mercaris
491 2383 618 2446 agrum,
642 2361 778 2425 fortasse
801 2362 955 2427 trecentis

86 2477 124 2515 res
139 2454 196 2513 aut
219 2451 316 2514 etiam
340 2471 438 2532 supra
459 2472 667 2514 nummorum
689 2450 822 2514 milibus
847 2456 1005 2535 emptum.

139 2539 217 2622 quid
239 2540 350 2621 refert,
373 2540 463 2602 vivas
486 2544 655 2603 numerato
679 2560 782 2623 nuper
804 2562 846 2603 an
870 2541 973 2605 olim?

139 2632 266 2712 emptor
289 2627 414 2693 Aricini
438 2628 600 2710 quondam
624 2627 770 2693 Veientis
795 2631 827 2692 et
850 2629 920 2693 arvi

69 2775 71 2780 .
140 2722 284 2802 emptum
308 2722 400 2780 cenat
422 2717 531 2801 holus,
560 2719 707 2800 quamvis
731 2718 826 2781 aliter
848 2721 958 2801 putat:
989 2719 1102 2802 emptis

156 2894 320 2963 Q:aDE
390 2893 526 2964 Qzfflb

160 3052 218 3106 150
241 3054 397 3108 tabuerunt
414 3052 451 3122 Q
467 3052 506 3124 Q
524 3054 635 3122 Porph,
659 3059 735 3107 extat
752 3054 783 3106 iu
802 3053 958 3121 aspectu.
976 3072 1007 3121 ς,
1031 3056 1103 3110 crau.

86 3125 275 3194 DERpllrr
298 3125 331 3179 ob
353 3127 495 3194 repetitam
518 3125 673 3178 claraclara
764 3123 821 3178 152
845 3124 985 3179 donarent
1002 3127 1039 3197 Q
1056 3126 1104 3198 Q,

86 3196 218 3250 donarint
237 3197 353 3264 Bentley
408 3194 560 3248 lta-lea
580 3197 671 3262 deficit
688 3196 718 3249 D
723 3216 734 3262 ;
752 3195 901 3266 [Qzall]
958 3196 1105 3251 15811161-

86 3270 165 3321 catus
185 3270 214 3321 et
232 3283 296 3321 aere
315 3270 358 3320 est
372 3269 424 3335 (est
438 3268 514 3321 omis.
530 3268 593 3336 Ra)
612 3268 648 3338 Q
661 3266 699 3338 Q
713 3268 817 3321 Blaud.
833 3268 946 3335 Porph,
964 3271 1106 3322 mercatur

87 3342 116 3392 et
135 3355 199 3392 aere
220 3339 305 3392 Fare
322 3339 402 3393 schol.
418 3342 444 3391 Γ
456 3355 486 3406 p.
502 3342 564 3405 304,
578 3343 616 3392 26
698 3338 755 3392 159
775 3340 807 3393 ob
825 3339 973 3407 mancipat
986 3341 1104 3411 Euryali.

85 3428 198 3480 prorum.
224 3410 251 3463 V
269 3414 337 3477 480,
361 3413 380 3462 8
471 3409 527 3462 161
553 3409 669 3462 daturus
693 3410 729 3480 Q
751 3409 801 3481 Q,
825 3410 941 3464 daturas
967 3411 1103 3467 oBlaed.

88 3480 143 3533 163
159 3498 219 3535 oum
235 3481 356 3536 lemmate
369 3480 469 3535 temeti
483 3482 605 3549 coempta
620 3483 706 3536 Vatic.
716 3485 770 3536 241
785 3481 922 3550 (cadunt),
938 3483 1038 3538 Micon
1052 3487 1105 3537 394

88 3551 142 3604 167
164 3552 306 3620 quondam
326 3570 350 3619 ς,
375 3552 508 3621 quoniam
527 3553 563 3622 Q
580 3552 618 3624 Q
636 3553 741 3608 Blaud.
