2400 3968
86 182 153 246 270
464 181 574 236 EPlsT.
592 180 607 235 1
626 186 667 236 10.
688 187 729 248 11.

98 354 125 393 (5
138 348 197 390 nec
220 349 271 390 me
295 325 440 390 dimittes
463 326 705 412 incastigatum,
728 326 786 391 ubi
809 326 909 411 plura

140 437 255 502 cogere
278 438 374 499 quam
399 415 477 480 satis
501 420 550 480 est
573 436 611 480 ac
632 436 698 479 non
721 436 849 480 cessare
873 416 1020 481 videbor.

139 505 277 588 imperat
299 508 356 568 aut
378 505 479 569 servit
501 504 636 569 collecta
657 505 795 588 pecunia
817 506 953 590 cuique,

139 597 263 658 tortum
286 592 385 679 digna
408 593 498 678 sequi
521 593 631 678 potius
656 615 752 677 quam
775 594 893 658 ducere
918 594 1038 657 funem.

182 682 261 747 haec
284 682 346 747 tibi
370 682 531 748 dictabam
554 686 629 766 post
651 682 762 746 fanum
785 687 885 767 putre
909 682 1071 767 Vacunae,

99 797 125 838 so
139 776 273 856 excepto
298 772 384 855 quod
405 793 473 836 non
496 771 594 835 simul
616 793 716 858 esses,
740 776 848 836 cetera
870 771 988 836 laetus.

566 1072 613 1138 XI

140 1179 225 1257 Quid
246 1180 309 1245 tibi
332 1180 401 1244 visa
420 1179 533 1265 Chios,
557 1179 692 1265 Bullati,
715 1184 857 1265 notaque
880 1180 1020 1263 Lesbos,

109 1337 112 1340 ,
141 1269 219 1352 quid
242 1269 398 1334 concinna
421 1268 548 1353 Samos,
572 1270 651 1354 quid
675 1268 786 1334 Croesi
808 1270 902 1357 regia
926 1269 1049 1352 Sardis,

140 1358 280 1442 Zmyrna
305 1358 383 1443 quid
407 1363 439 1423 et
462 1357 640 1444 Colophon,
662 1358 787 1423 maiora
808 1359 980 1423 minorane
1003 1356 1098 1423 fama?

141 1451 296 1512 cunctane
320 1469 398 1532 prae
422 1446 543 1531 Campo
567 1452 600 1512 et
618 1447 772 1512 Tiberino
795 1447 932 1512 flumine
956 1446 1098 1512 sordent?

113 1559 182 1602 san
204 1536 293 1600 venit
316 1537 350 1601 in
373 1541 485 1601 votum
513 1535 665 1601 Attalicis
689 1558 728 1601 ex
751 1536 888 1601 urbibus
912 1560 992 1622 una,

139 1648 180 1689 an
201 1625 367 1690 Lebedum
389 1626 502 1689 laudas
526 1625 600 1690 odio
623 1626 723 1690 maris
746 1629 843 1710 atque
865 1625 1019 1690 viarum?

140 1715 228 1799 ‘scis,
251 1714 398 1779 Lebedus
422 1714 500 1799 quid
523 1715 578 1779 sit:
604 1713 715 1779 Gabiis
739 1715 897 1779 desertior
921 1719 1021 1799 atque

139 1803 270 1867 Fidenis
293 1804 396 1889 vicus3
420 1807 528 1868 tamen
550 1803 618 1868 illic
640 1803 748 1868 vivere
771 1803 887 1868 vellem

140 1891 325 1977 oblitusque
348 1915 507 1978 meorum,
532 1893 769 1957 obliviscendus
794 1893 917 1958 stillis

101 2009 128 2048 10
141 1981 331 2066 Neptunum
354 1981 468 2065 procul
491 1986 640 2047 exterra
663 1985 808 2066 spectare
830 1982 1017 2048 fruentem?

141 2071 196 2135 sed
219 2093 332 2156 neque,
357 2071 412 2154 qui
436 2070 546 2155 Capua
568 2070 706 2135 Romam
729 2070 821 2156 petit,
844 2071 951 2136 imbre
974 2071 1105 2155 lutoque

141 2160 312 2244 adspersus
335 2160 422 2224 volet
445 2161 480 2223 in
503 2181 647 2245 caupona
670 2161 790 2245 vivere3
813 2182 873 2224 nec
896 2161 957 2243 qui

140 2249 245 2335 frigus
269 2249 415 2335 collegit,
437 2249 550 2313 furnos
574 2253 606 2313 et
628 2249 743 2313 balnea
764 2249 876 2313 laudat

140 2343 177 2401 ut
200 2339 399 2402 fortunatam
422 2338 515 2421 plene
538 2339 735 2422 praestantia
757 2339 871 2424 vitam3

100 2453 126 2492 15
141 2448 199 2490 nec
223 2428 250 2490 si
274 2431 306 2491 te
329 2427 454 2491 validus
478 2427 645 2491 iactaverit
667 2426 789 2491 Auster
811 2428 845 2491 in
869 2427 947 2511 alto,

141 2516 261 2580 idcirco
285 2517 393 2580 navim
416 2520 505 2580 trans
528 2515 694 2601 Aegaeum
717 2539 804 2580 mare
828 2515 959 2580 vendas.

141 2605 296 2669 incolumi
319 2604 452 2669 Rhodos
476 2609 509 2669 et
530 2604 687 2688 Mytilene
710 2604 822 2689 pulcra
844 2605 923 2670 facit
949 2608 1039 2690 quod

141 2694 278 2777 paenula
302 2694 456 2778 solstitio,
481 2698 659 2778 campestre
681 2693 843 2758 nivalibus
867 2695 972 2779 auris,

142 2805 199 2867 per
221 2784 371 2847 brumam
395 2782 535 2867 Tiberis,
560 2781 676 2847 Sextili
699 2805 808 2847 mense
831 2783 990 2851 caminus.

102 2898 128 2937 ao
142 2872 219 2935 dum
241 2872 319 2935 licet
343 2894 379 2935 ac
402 2873 527 2936 voltum
551 2876 657 2936 servat
679 2871 824 2936 Fortuna
846 2873 1044 2960 benignum,

159 3012 292 3082 (mnu
362 3011 498 3083 cano

159 3135 197 3191 45
218 3136 345 3190 dimittes
364 3137 400 3207 Q
413 3136 459 3208 Q,
479 3135 600 3190 dimittis
615 3137 669 3191 Ra
740 3135 777 3190 47
798 3138 831 3192 ob
849 3136 937 3190 servit
956 3139 1034 3193 Don.
1053 3141 1107 3194 Ter.

88 3212 151 3264 nee.
166 3212 287 3275 2,1,27
306 3211 385 3275 (224)

161 3280 251 3351 11,a
281 3279 350 3347 quid
379 3277 473 3332 Croesi
496 3311 530 3318 -
554 3278 699 3348 Colophon
727 3281 759 3334 ob
787 3279 884 3333 Sardis
911 3281 1003 3336 Prisc.
1025 3286 1052 3349 7,
1075 3284 1108 3336 83

83 3355 222 3419 1135118
295 3351 408 3415 tues,
426 3350 704 3421 ueQQ(Bluad.),
723 3352 843 3418 queEe
915 3349 1105 3418 «insanit,

88 3437 143 3489 que
162 3422 248 3476 Arra
323 3422 337 3474 7
362 3421 455 3491 gabiis
474 3423 510 3491 Q
530 3428 576 3487 Q,
601 3420 705 3490 glabiis
726 3426 750 3476 Φ
772 3424 940 3489 cf.1‚15,9
1015 3423 1055 3480 lo
1076 3440 1106 3477 ex

87 3495 127 3558 (et
150 3493 193 3561 Ε)
216 3494 252 3564 Q
270 3493 320 3565 Q,
343 3496 402 3546 οΦ
475 3492 512 3545 12
539 3492 618 3546 uolet
640 3493 677 3563 Q
694 3493 744 3564 Q3
777 3493 924 3567 (legitur)
950 3497 979 3549 at
1005 3496 1104 3551 ‘vovet'

88 3565 134 3618 Ps.
154 3566 257 3632 Porpb.
331 3562 369 3617 14
388 3564 426 3618 Vt
443 3563 542 3635 QQ,
566 3564 646 3618 Ero
