2400 3968
334 103 598 159 cremarem.
933 108 976 172 65

121 254 188 314 tum
212 251 316 335 spissa
337 251 443 315 ramis·
459 251 568 316 laurea
589 251 731 317 fervidos

122 339 268 404 excludet
290 341 382 404 ictus.
428 361 495 404 non
517 341 563 404 ita
585 339 718 406 Romuli
951 369 976 408 ιο

162 428 398 514 praescriptum
422 434 455 493 et
476 430 598 494 intonsi
622 429 753 496 Catonia

207 519 358 602 auspiciis
381 521 589 603 veterumque
612 541 733 584 norma.

118 679 263 762 privatus
287 677 353 742 illis
372 698 486 742 census
510 683 578 743 erat
601 680 716 764 brevis,

118 789 287 831 commune
310 776 478 853 magnum:
500 767 591 832 nulla
615 769 815 854 decempedis

161 859 282 920 metata
304 856 439 939 privatis
464 878 596 940 opacam
950 885 975 925 rs

206 946 351 1029 porticus
375 946 555 1030 excipiebat
578 950 690 1012 arcton

117 1127 175 1170 neo
198 1106 370 1170 fortuitum
394 1127 544 1190 spernere
567 1109 741 1192 caespitem

116 1194 204 1280 leges
228 1195 388 1278 sinebant,
413 1195 533 1279 oppida
554 1195 685 1280 publico

161 1288 293 1367 sumptu
316 1283 462 1348 iubentes
486 1289 520 1348 et
542 1285 675 1349 deorum

205 1372 327 1457 templa
350 1394 435 1437 novo
460 1373 608 1438 decorare
632 1396 719 1439 saxo.

86 1816 200 1904 Otium
225 1818 316 1882 divos
339 1822 434 1903 rogat
456 1819 490 1882 in
512 1819 637 1902 patenti

88 1929 223 1991 prensus
247 1907 390 1991 Aegaeo,
413 1907 511 1972 simul
535 1912 604 1971 atra
627 1907 729 1972 nubes

89 1996 232 2060 condidit
254 1996 364 2060 lunam
387 2018 492 2080 neque
516 2001 602 2060 certa
624 1998 752 2082 fulgent

132 2084 238 2149 sidera
259 2087 375 2170 nautis,

89 2246 191 2309 otium
215 2245 301 2309 belio
324 2245 448 2309 furiosa
470 2244 603 2327 Thrace,

89 2335 191 2397 otium
215 2332 303 2398 Medi
324 2335 476 2418 pharetra
500 2335 616 2419 decori,

89 2421 249 2506 Grospho,
271 2445 338 2487 non
360 2423 624 2508 gemmisneque
646 2446 790 2508 purpura
812 2447 862 2489 ve-

131 2512 204 2577 nale
227 2534 285 2576 nec
309 2535 395 2577 auro.

87 2694 153 2736 non
178 2673 262 2736 enim
286 2694 382 2756 gazae
405 2694 510 2755 neque
532 2673 710 2738 consularis

87 2761 257 2826 submovet
279 2761 375 2825 lictor
395 2762 530 2825 miseros
552 2762 711 2827 tumultus
946 2789 972 2829 ro

86 2851 203 2915 mentis
228 2853 260 2913 et
283 2871 374 2914 curas
397 2850 548 2933 laqueata
571 2851 691 2915 circum

130 2943 216 3004 tecta
237 2938 385 3004 volantis,

43 3116 232 3187 ):ABDE
301 3114 438 3187 ΘεΒΦ
552 3110 554 3115 ,

43 3275 59 3331 Ξ
80 3275 277 3360 [ΘεΑΒΕ]
352 3272 389 3328 14
409 3274 536 3328 nulla-
552 3274 589 3328 16
608 3276 706 3328 arcton
725 3275 758 3329 ob
776 3275 847 3328 haec
861 3274 971 3328 decem-

43 3348 121 3404 Prree.
131 3351 205 3415 6,27
219 3351 384 3416 p.218,10,·
402 3348 435 3401 ob
449 3348 557 3400 metata
570 3364 647 3416 pass.
656 3348 743 3400 Prisc.
755 3350 783 3413 8,
792 3350 830 3400 20
839 3363 870 3415 p.
878 3350 970 3413 387,8

43 3435 58 3474 e
78 3450 112 3460 -
132 3418 264 3473 sinebant
282 3420 314 3473 ob
333 3416 482 3472 ferrosum
500 3419 573 3474 Sero.
590 3423 658 3472 Aca.
675 3421 769 3484 6,179

43 3491 75 3563 Β,
96 3491 111 3546 1
134 3483 365 3562 [ommam
383 3489 580 3560 ΘεΒΡλπ]

43 3599 139 3641 nurus,
153 3575 189 3629 ed.
199 3590 334 3628 Vollmer.
355 3589 397 3630 Ed
407 3588 487 3628 maior.
739 3583 754 3628 ὅ
