2400 3968
86 566 250 629 ubaiarum
274 564 422 652 collegia,
445 567 727 652 pharmacopolae,

87 655 145 738 ici,
167 655 299 739 mimae,
322 655 521 740 balatrones,
543 657 605 738 hoc
628 679 729 743 genus
753 678 847 721 omne

89 748 152 808 lum
177 765 213 807 ac
236 743 413 808 sollicitum
437 749 486 809 est
509 748 648 811 cantoris
671 751 776 810 morte
799 745 925 831 Tigelli.

90 855 114 896 te
136 834 295 919 benignus
319 838 396 898 erat.
439 839 551 899 contra
573 836 634 921 hic,
657 858 697 900 ne
716 835 871 920 prodigus
891 856 960 899 esse

91 946 120 985 rr
143 926 300 1006 metuens,
323 924 414 1006 inopi
438 923 512 988 dare
534 925 619 990 nolit
642 925 759 1006 amico,
1001 948 1013 989 s

92 1033 186 1094 squo
211 1011 387 1095 duramque
410 1014 528 1077 famem
552 1014 731 1098 propellere
755 1013 867 1096 possit.

104 1100 131 1163 si
153 1101 363 1185 perconteris,
387 1104 439 1166 avi
463 1125 519 1167 cur
542 1108 638 1187 atque
661 1104 805 1187 parentis

92 1188 187 1253 laram
213 1191 339 1274 ingrata
362 1191 501 1278 stringat
524 1194 627 1256 malus
650 1191 794 1277 ingluvie
818 1213 898 1273 rem,

94 1301 105 1341 t
127 1278 294 1344 conductis
318 1301 466 1345 coemens
490 1281 624 1346 obsonio
645 1281 800 1344 nummis:

94 1367 141 1431 lus
164 1373 261 1451 atque
285 1370 385 1433 animi
408 1371 495 1452 quod
517 1371 609 1453 parvi
632 1370 716 1434 nolit
738 1367 864 1451 haberi,
988 1394 1014 1433 ιο

95 1457 174 1521 ndat.
219 1457 371 1521 laudatur
394 1459 433 1522 ab
457 1459 523 1542 his,
547 1461 695 1543 culpatur
718 1459 759 1523 ab
782 1457 855 1522 illis.

95 1547 139 1610 ius
162 1569 285 1630 vappae
308 1547 426 1611 famam
450 1549 543 1611 timet
567 1571 603 1612 ac
626 1547 809 1630 nebulonis,

109 1635 205 1720 agris,
229 1636 317 1699 dives
341 1637 455 1719 positis
480 1639 514 1700 in
536 1638 665 1701 faenore
687 1637 837 1700 nummis.

96 1746 110 1788 s
132 1724 186 1787 hic
210 1724 309 1807 capiti
332 1726 494 1790 mercedes
518 1731 645 1790 exsecat
668 1730 764 1809 atque

98 1835 115 1876 o
138 1813 296 1897 perditior
320 1816 455 1898 quisque
479 1818 536 1897 est,
558 1819 649 1879 tanto
674 1815 778 1879 acrius
802 1817 910 1900 urget3
988 1838 1014 1879 rc

97 1924 126 1965 ra
149 1906 290 1967 sectatur
312 1903 409 1967 modo
434 1908 562 1988 sumpta
584 1908 672 1968 veste
695 1905 782 1968 virili

98 1991 225 2054 ratribus
249 1991 336 2056 duris
360 1993 512 2058 tironum.
559 1994 720 2057 ‘maxime'
746 1992 818 2077 quis
841 2015 907 2056 non

98 2080 163 2144 iter'
189 2080 347 2145 exclamat
370 2082 467 2145 simul
490 2087 586 2165 atque
609 2082 754 2146 audivit?
796 2081 841 2144 ‘at
861 2081 947 2143 inse

101 2173 214 2232 uaestu
236 2175 401 2254 sumptum
421 2171 500 2235 facit
517 2171 592 2236 hio!
634 2172 688 2235 vix
707 2171 834 2235 credere
848 2170 960 2253 possis,

117 2259 179 2322 sibi
201 2260 329 2323 nonsit
348 2260 476 2331 amicus
500 2262 555 2343 ita,
578 2264 615 2324 ut
633 2265 725 2344 pater
743 2259 807 2343 ille,
831 2257 961 2323 Terenti
989 2285 1015 2322 ro

100 2391 104 2410 ,
128 2369 224 2431 quem
247 2349 400 2413 miserum
424 2354 521 2433 gnato
546 2350 663 2413 vixisse
687 2350 799 2435 fugato

100 2437 130 2521 it,
152 2458 219 2500 non
242 2459 276 2500 se
299 2439 390 2522 peius
415 2439 606 2504 cruciaverit
628 2442 724 2522 atque
748 2437 809 2500 hic.

121 2548 208 2590 nunc
231 2531 364 2610 quaerat
389 2529 465 2611 ‘quo
488 2550 539 2591 res
562 2528 641 2591 haec
662 2527 835 2611 pertinet?
870 2524 960 2589 illuc:

101 2615 201 2678 vitant
224 2615 316 2680 stulti
340 2617 428 2699 vitia,
450 2618 485 2680 in
509 2618 669 2681 contraria
692 2619 834 2681 currunt.

102 2727 151 2768 rus
175 2705 294 2769 tunicis
318 2705 464 2770 demissis
488 2706 644 2790 ambulat3
668 2710 716 2770 est
740 2707 795 2789 qui
989 2729 1014 2768 25

103 2815 117 2855 1
139 2793 179 2856 ed
203 2795 397 2858 obscaenum
421 2795 587 2860 subductis
613 2815 728 2880 usque;
750 2795 872 2859 facetus

114 2935 271 2987 :anon
340 2933 476 3005 ΘΜ

124 3057 325 3113 1ἀάιάηειαπι
343 3066 382 3113 cst
400 3076 509 3114 carrica
526 3061 618 3126 priori
634 3059 666 3111 iri
684 3059 720 3128 Θ
735 3058 773 3130 Θ
790 3075 839 3111 rtec
857 3064 958 3111 certum
976 3073 1015 3110 se·

106 3131 154 3183 rtis
172 3131 315 3197 oestipirrm
329 3137 404 3184 extat
417 3132 494 3199 opud
509 3131 623 3198 Porph.;
636 3136 833 3198 seperaverunt
846 3146 887 3186 ας
934 3127 951 3180 2
966 3127 1015 3180 ba-

106 3216 162 3254 ›nes
171 3200 254 3272 ΘΘ
264 3201 396 3271 (Perrh),
409 3201 525 3271 ‘legitur
534 3204 563 3255 et
572 3202 735 3255 baratrones
745 3201 824 3255 schol.
837 3201 897 3254 PV
951 3197 1015 3252 eri-

107 3273 121 3341 )
140 3273 278 3340 (Poma),
297 3273 390 3341 tegilli
410 3275 450 3338 R,
469 3273 557 3342 tigilli
578 3277 601 3326 Φ
665 3272 683 3325 6
703 3273 735 3326 ob
753 3271 916 3326 scatentium
934 3271 1016 3335 offert

107 3345 159 3397 luo.
178 3349 222 3408 14,
240 3347 297 3397 273
369 3343 526 3413 propellere
544 3345 592 3414 Θ,
618 3343 759 3412 depellere
777 3342 815 3413 Θ
833 3343 923 3411 (schot.
943 3343 1015 3409 Ino.)

108 3413 181 3467 idius
197 3415 233 3484 Θ
243 3415 284 3480 R,
304 3415 435 3468 Fusidius
453 3418 489 3481 Φ,
507 3416 638 3469 Futidius
653 3417 680 3469 B
696 3415 800 3468 Blaesi.
857 3412 894 3465 13
914 3412 954 3481 (z
969 3429 1016 3466 arr

108 3489 145 3549 21)
160 3487 258 3540 deurit
269 3487 412 3551 Saoodoo,
431 3503 488 3540 riori
506 3489 722 3556 interpretantur
740 3484 843 3539 scholia
916 3482 954 3537 lu
969 3483 1016 3537 hic

132 3556 229 3610 hoco
303 3557 340 3611 25
360 3557 537 3626 Malt(h)inus
557 3558 640 3630 ΒΘ,
667 3557 827 3610 Malchinus
846 3555 952 3624 (Mach-
972 3557 1016 3625 E)
