2400 3968
88 187 156 251 280
497 185 607 242 EPIST.
626 187 639 240 I
657 192 700 243 17.

141 355 216 397 nam
240 354 344 416 neque
367 332 522 397 divitibus
545 333 739 418 contingunt
762 332 883 419 gaudia
907 333 985 398 solis

101 448 127 488 ιο
140 443 199 485 nec
221 421 305 485 vixit
328 421 425 505 male,
449 422 623 506 quinctus
645 422 853 506 moriensque
876 421 1002 487 fefellit.

141 512 169 574 si
191 511 342 595 prodesse
365 511 431 575 tuis
454 512 616 596 pauloque
638 511 811 596 benignius
835 511 946 595 ipsum

140 604 172 663 te
196 603 334 664 tractare
357 599 459 683 voles,
482 600 612 665 accedes
636 601 740 665 siccus
763 600 804 665 ad
827 604 973 665 unctum.

140 689 844 865 111111121111151111
861 690 919 843 lt

101 893 126 933 15
140 867 301 932 fastidiret
324 868 433 950 holus,
458 868 514 951 qui
537 889 588 932 me
611 868 724 932 notat'
771 867 876 931 utrius
900 830 1018 932 liorum

141 956 240 1021 verba
262 957 380 1040 probes
403 961 436 1021 et
458 957 558 1040 facta,
581 957 659 1020 doce
682 956 734 1020 vel
756 956 865 1021 iunior
889 957 981 1041 audi,

140 1067 197 1110 cur
222 1045 264 1109 sit
286 1044 448 1130 Aristippi
471 1046 580 1130 potior
604 1046 770 1109 sententia
815 1067 960 1130 namque

140 1135 323 1199 mordacem
347 1132 503 1218 Cynicum
526 1135 573 1198 sic
596 1134 757 1217 eludebat,
781 1139 818 1198 ut
841 1135 948 1201 aiunt:

143 1226 283 1288 ‘scurror
307 1245 366 1309 ego
391 1225 461 1307 ipse
483 1224 579 1309 mihi,
601 1223 723 1308 populo
747 1227 796 1288 tu:
820 1224 942 1289 rectius
965 1225 1029 1290 hoc
1049 1230 1077 1289 et

101 1339 127 1377 rc
141 1312 341 1396 splendidius
360 1312 464 1379 multo
483 1318 541 1376 est.
578 1334 679 1396 equos
696 1317 735 1377 ut
752 1333 803 1377 me
821 1317 943 1397 portet,
962 1315 1098 1396 clatros,

141 1401 285 1467 officium
309 1402 407 1486 faci03
431 1406 468 1467 tu
490 1402 598 1486 poscis
620 1401 712 1487 vilia,
735 1423 847 1466 verum
870 1423 905 1466 es

143 1491 239 1554 dante
263 1491 382 1573 minor,
406 1490 553 1575 quamvis
576 1491 640 1556 fers
663 1495 696 1555 te
718 1490 840 1554 nullius
864 1493 1036 1576 egentem!

144 1581 249 1644 dmnis
272 1579 478 1664 Aristippum
501 1580 609 1644 decuit
631 1579 720 1645 color
742 1583 775 1644 et
798 1583 903 1644 status
928 1585 961 1646 et
983 1603 1048 1665 res,

143 1673 357 1752 temptantem
380 1670 505 1734 maiora
526 1669 605 1749 fere,
629 1668 852 1754 praesentibus
874 1691 1025 1754 aequom.

101 1783 126 1823 se
141 1762 265 1842 contra,
290 1781 384 1842 quem
408 1758 529 1842 duplici
552 1780 659 1842 panno
684 1758 841 1842 patientia
862 1758 965 1843 velat,

142 1847 297 1931 mirabor,
320 1847 406 1912 vitae
428 1849 481 1911 via
505 1848 532 1912 si
555 1868 710 1912 conversa
733 1846 866 1913 decebit.

141 1936 223 2001 alter
245 1958 444 2020 purpureum
468 1959 533 2000 non
557 1936 755 2021 exspectabit
778 1937 947 2018 amictum,

142 2025 301 2110 quidlibet
324 2026 456 2089 indutus
480 2025 688 2091 celeberrima
709 2047 767 2109 per
789 2025 862 2089 loca
883 2026 983 2090 redet

140 2137 374 2198 personamque
397 2115 478 2178 feret
500 2136 566 2179 non
590 2115 801 2179 inconcinnus
823 2118 1014 2200 utramque3

102 2230 127 2269 ao
143 2204 224 2267 alter
245 2203 351 2267 Mileti
374 2208 497 2267 textam
521 2226 598 2268 cane
621 2205 713 2288 peius
737 2207 770 2267 et
792 2203 891 2289 angui

141 2292 258 2356 vitabit
282 2292 477 2376 chlenidem,
500 2293 653 2357 morietur
675 2293 808 2377 frigore,
833 2293 860 2356 si
882 2314 951 2357 non

141 2380 305 2445 rettuleris
328 2403 479 2465 pannum.
525 2383 611 2446 refer
632 2386 666 2446 et
689 2383 757 2446 sine
780 2382 869 2446 vivat
891 2381 1034 2466 ineptus.

142 2491 192 2534 res
216 2491 327 2555 gerere
351 2474 383 2534 et
407 2475 518 2554 captos
543 2472 709 2536 ostendere
732 2471 857 2536 civibus
879 2469 988 2534 hostis

142 2559 275 2644 attingit
298 2560 416 2624 solium
438 2559 525 2624 lovis
550 2565 582 2624 et
605 2560 755 2624 caelestia
777 2562 930 2642 temptat:

158 2717 292 2788 (ΜΕ
361 2717 498 2788 maer>

161 2859 199 2913 lo
218 2861 250 2914 cb
263 2863 425 2914 sententiam
436 2862 538 2930 Pcrpb.
550 2864 695 2927 1,18,103
769 2858 805 2913 12
821 2859 938 2913 accedes
950 2891 983 2899 -
994 2861 1107 2914 unctum

88 2934 120 2986 ob
134 2933 235 2984 unctus
250 2932 352 3000 Porpb.
367 2933 443 2999 epist.
455 2937 480 2998 1,
492 2936 534 2997 14,
543 2936 579 2986 21
594 2933 673 2987 schol.
685 2933 745 2986 PV
756 2948 803 2985 ars
812 2934 868 2985 422
942 2931 980 2984 ad
994 2933 1106 2985 unctum

87 3004 124 3074 Q
143 3003 181 3074 Q
209 3004 310 3071 Porpt.
339 3003 418 3056 schol.
444 3003 511 3069 PV,
542 3003 689 3056 inunctum
716 3003 836 3069 Bland,
869 3000 1059 3057 adinuncturn
1082 3003 1110 3056 E

90 3072 138 3128 14.
155 3073 191 3128 15
207 3076 302 3129 turbae
316 3076 348 3128 ia
364 3077 387 3126 Φ
401 3075 433 3128 ob
443 3091 541 3142 parem
555 3076 587 3127 ia
601 3078 644 3128 13.
660 3079 695 3128 14
708 3074 877 3139 clausulam
916 3071 965 3127 14.
981 3073 1021 3128 15
1036 3075 1106 3130 cmc.

88 3146 132 3214 φῖ,
170 3144 206 3199 14
235 3163 285 3199 om.
314 3144 400 3213 11111,
442 3145 490 3200 15.
519 3143 556 3198 14
589 3146 702 3200 ordinat
728 3164 765 3212 π,
796 3150 864 3200 recte
890 3144 928 3215 Q
945 3144 984 3216 Q
1008 3145 1107 3214 Pcrpb.

91 3218 126 3271 19
146 3217 250 3271 rectius
317 3216 363 3288 Q,
387 3215 500 3287 regibus
520 3217 582 3271 Fu
653 3215 690 3269 21
710 3233 808 3270 uemm
827 3232 856 3270 es
875 3217 915 3285 (es
930 3219 1007 3271 omis.
1024 3218 1108 3272 ERrr

88 3290 204 3357 Btccd.)
223 3289 260 3359 Q
311 3304 462 3353 ,rerumg
533 3286 571 3341 25
590 3289 622 3343 ob
642 3289 778 3355 duplicem
791 3305 920 3356 patenum
940 3289 1026 3355 affert
1038 3289 1107 3345 Sem.

89 3362 158 3414 Aeo.
179 3365 205 3426 5,
224 3364 277 3414 421
308 3360 388 3425 (Isid.
409 3361 476 3430 oric.
497 3363 541 3425 19,
559 3363 666 3428 2411)
767 3358 804 3412 28
831 3358 894 3413 loca
912 3360 963 3430 Q,
991 3360 1057 3414 ioca
1074 3359 1109 3430 Q

89 3430 128 3484 30
143 3462 176 3470 -
192 3430 369 3497 chlamydem
388 3432 421 3485 ob
439 3432 493 3484 cel.
508 3431 595 3500 angui
612 3430 701 3486 Prisc.
718 3434 744 3497 7,
759 3435 797 3484 68
810 3447 841 3499 p.
856 3434 920 3497 346,
936 3435 954 3484 6
1025 3430 1107 3484 annui

88 3502 126 3573 (m
144 3502 246 3569 Prae,
274 3518 366 3572 angue
384 3502 421 3572 c)
488 3501 534 3555 er
558 3501 670 3555 versere
689 3502 756 3574 (eu
773 3503 845 3570 Are)
863 3502 899 3571 e)
916 3501 968 3573 oe,
992 3474 1110 3556 vetata

90 3574 199 3642 (Prisc.)
273 3573 434 3627 chlenidem
455 3572 605 3642 Ordouices,
628 3573 827 3643 c(h)lamydem
844 3573 881 3643 Q
894 3572 933 3644 Q
947 3573 1058 3645 (Prisc.)
