2400 3968
91 184 158 247 284
498 184 609 239 EPIST.
631 185 645 239 1
665 190 706 241 18.
813 189 818 200 '

104 354 129 395 ra
145 331 326 394 consentire
350 331 417 394 suis
440 330 557 394 studiis
581 331 637 413 qui
660 330 833 394 crediderit
856 334 888 394 te

145 420 267 502 fautor,
290 423 429 502 utroque
452 423 544 483 tuom
568 419 715 483 laudabit
736 419 855 502 pollice
878 420 997 484 ludum.

143 508 293 589 protinus
317 511 354 571 ut
377 530 525 572 moneam
549 508 672 595 (siquid
695 508 868 573 monitoris
891 506 994 596 egee),
1014 514 1047 573 tu

144 596 223 680 quid
246 597 285 660 de
308 619 437 681 quoque
460 599 531 662 viro
556 602 589 661 et
611 599 664 661 cui
688 597 788 682 dicae,
812 619 907 681 saepe
930 599 1041 663 videto.

143 690 400 768 percontatorem
423 687 543 771 fugito:
566 708 642 750 narn
664 686 815 773 garrulus
839 686 925 751 idem
949 692 997 752 eet

104 801 129 840 ro
144 796 201 838 uec
225 775 366 839 retinent
389 776 518 859 patulae
542 776 703 840 conmissa
725 774 866 839 fideliter
888 797 982 842 aures

144 868 176 926 et
200 864 299 928 semel
323 865 475 928 emissum
499 864 588 929 volat
610 864 826 930 inrevocabile
850 864 995 929 verbum.

143 974 209 1016 non
232 952 349 1016 ancilla
373 957 464 1017 tuom
487 954 576 1018 iecur
594 951 716 1017 ulceret
738 954 806 1017 ulla
828 976 951 1038 puerve

145 1043 231 1105 intre
253 1063 468 1106 marmoreum
492 1042 664 1107 venerandi
687 1043 786 1106 limen
809 1043 920 1127 amici,

144 1152 184 1194 ne
209 1130 360 1195 dominus
382 1132 475 1214 pueri
497 1131 626 1214 pulchri
649 1153 779 1195 caraeve
801 1131 932 1216 puellae

104 1245 128 1284 ra
143 1241 275 1284 munere
299 1223 330 1284 te
354 1242 454 1303 parvo
477 1220 551 1285 beet
575 1225 631 1284 aut
653 1221 878 1284 incommodus
903 1225 1011 1308 angat.

144 1308 272 1392 qualem
287 1311 501 1392 commendes
515 1310 612 1374 etiam
627 1313 724 1393 atque
739 1311 837 1374 etiam
851 1310 971 1395 aspice,
984 1333 1025 1374 ne
1038 1333 1100 1375 mox

144 1398 303 1461 incutiant
326 1398 431 1463 aliena
455 1398 516 1462 tibi
538 1403 670 1482 peccata
691 1399 858 1482 pudorem.

143 1486 287 1551 fallimur
310 1491 343 1550 et
367 1489 529 1570 quondam
552 1509 618 1551 non
641 1488 777 1574 dignum
800 1488 976 1552 tradimus:
1000 1510 1072 1576 ergo

145 1597 241 1660 quem
264 1597 322 1639 sua
345 1578 439 1660 culpa
462 1581 600 1661 premet,
623 1577 776 1661 deeeptus
800 1577 916 1641 omitte
941 1579 1038 1660 tueri,

102 1691 128 1730 ao
143 1669 180 1727 ut
202 1665 332 1748 penitus
355 1669 484 1751 notum,
507 1668 536 1730 si
558 1669 719 1749 temptent
742 1666 891 1750 crimina,
916 1688 1024 1732 serves

143 1754 323 1837 tuterisque
346 1757 402 1818 tuo
426 1755 580 1819 fidentem
603 1755 779 1840 praesidio:
803 1756 860 1839 qui

143 1843 237 1907 dente
260 1842 429 1908 Theonino
453 1865 526 1908 cum
550 1844 813 1927 circumroditur,
836 1844 955 1928 ecquid

143 1933 184 1994 ad
206 1936 238 1996 te
261 1937 337 2016 post
358 1935 455 2016 paulo
479 1937 616 1996 ventura
638 1933 783 2016 pericula
805 1933 930 1998 sentis?

143 2043 220 2085 num
243 2025 300 2084 tua
323 2042 374 2085 res
397 2022 519 2107 agitur,
541 2023 648 2106 paries
671 2043 745 2086 cum
768 2022 938 2106 proximus
962 2024 1066 2106 ardet,

102 2136 128 2176 ar
143 2115 175 2174 et
197 2111 344 2196 neglecta
368 2112 473 2175 solent
496 2110 645 2175 incendia
668 2133 792 2175 sumere
815 2112 908 2176 vires

143 2200 246 2263 dulcis
269 2200 446 2283 inexpertis
470 2202 598 2265 cultura
620 2201 765 2285 potentis
788 2200 900 2285 amici,

143 2293 294 2372 expertus
317 2293 448 2353 metuet.
493 2294 544 2376 tu,
569 2291 646 2353 dum
670 2294 726 2353 tua
748 2290 841 2353 navis
864 2289 899 2353 in
923 2291 991 2354 alto
1017 2295 1079 2373 est,

141 2377 203 2441 hoc
226 2400 299 2464 age,
321 2400 362 2441 ne
385 2383 511 2443 mutata
533 2383 712 2444 retrorsum
734 2383 768 2442 te
790 2380 875 2443 ferat
899 2401 986 2443 aura.

142 2468 279 2531 oderunt
302 2466 439 2532 hilarem
462 2469 573 2532 tristes
596 2468 788 2551 tristemque
812 2468 928 2552 iocosi,

101 2556 288 2620 resedatum
312 2558 443 2641 celeres,
467 2558 585 2643 agilem
607 2578 789 2640 navemque
812 2556 954 2640 remissi3

161 2855 199 2909 69
223 2857 255 2910 ob
278 2859 440 2911 seutentiam
463 2858 513 2911 dat
535 2858 610 2911 Dou.
634 2859 692 2912 Ter.
712 2858 779 2911 Hac.
800 2861 831 2923 1,
849 2860 882 2923 2,
901 2861 936 2910 34
962 2861 1043 2924 (109)

91 2924 128 2980 74
155 2926 285 2980 dominus
312 2928 393 2996 pueri
420 2929 457 2998 Q
476 2929 527 3000 Q,
559 2929 641 2997 pueri
670 2928 799 2981 dominus
828 2929 859 2982 E
885 2929 983 2982 lemma
1011 2930 1111 2998 Porple

90 2997 127 3051 79
146 3001 232 3066 pleae
250 3005 395 3068 corruptos
413 3001 536 3054 traditur
553 3001 631 3068 apud
648 3002 858 3070 prammaticum
877 3000 1015 3067 (Sero.?)‚
1040 3018 1113 3070 quem

88 3072 289 3139 exscripserunt
315 3071 423 3124 Cledorr.
446 3089 559 3141 proaem.
580 3072 606 3124 V
619 3075 698 3137 78,5
726 3071 830 3140 (certus
854 3070 966 3143 omitte¹
979 3071 1067 3140 tueri)
1092 3076 1114 3125 et

89 3142 184 3211 Pomp.
208 3159 322 3212 pramm.
343 3143 370 3195 V
387 3146 458 3209 280,
482 3147 518 3197 30
545 3145 689 3212 (praesens
718 3157 769 3195 sua
797 3141 882 3211 culpa
910 3141 952 3194 ire
979 3143 1114 3211 deeeptus

88 3213 197 3267 omittit
219 3213 333 3282 etueri);
361 3215 474 3268 adlatus
492 3221 551 3268 crat
569 3216 602 3270 ob
626 3213 725 3268 dmitte
799 3212 835 3266 81
860 3213 997 3266 fidentem
1015 3215 1053 3285 Q
1071 3215 1114 3286 Q,

88 3284 177 3338 fidene
202 3287 245 3338 eet
264 3286 340 3351 Fri,
370 3285 522 3348 fidenterg
619 3284 657 3339 82
685 3284 788 3352 ecquid
809 3283 949 3352 (coquit,
978 3286 1116 3354 ecquicl)

89 3357 190 3426 Porpb.
208 3359 242 3421 Φ,
267 3357 296 3409 et
314 3356 383 3425 quid
403 3358 431 3411 R
448 3356 485 3426 Q
556 3355 593 3410 87
617 3358 726 3411 metuet
743 3357 780 3426 Q
797 3355 850 3427 Q,
873 3356 977 3409 metuit
996 3357 1025 3410 A
1037 3357 1114 3412 Goth.

83 3434 149 3495 poet
167 3427 206 3481 90
224 3430 255 3482 ia
274 3449 288 3490 ς
308 3430 476 3497 (adscriptus
495 3430 578 3482 etiam
596 3447 614 3482 a
633 3445 708 3483 maa.
728 3443 793 3482 rece.
813 3429 845 3480 in
862 3428 914 3496 ut)
933 3429 1117 3496 interpolatus

88 3507 128 3554 est
145 3516 179 3554 ex
197 3502 273 3567 epist.
289 3505 369 3566 1,14,
380 3503 415 3553 34
433 3501 491 3553 iam
510 3499 666 3553 adulterato
685 3501 779 3567 (nocte
793 3515 848 3567 pro
867 3497 941 3566 luce)
959 3499 1006 3553 hie
1023 3517 1117 3554 vereris

89 3570 204 3625 Poteras
227 3570 320 3624 bibuli
339 3571 435 3625 media
454 3570 489 3625 de
507 3574 590 3626 nocte
609 3570 731 3638 Falerni,
750 3587 828 3638 quem
847 3569 956 3636 frustra
975 3573 1118 3626 emerrdare
