2400 3968
527 207 633 263 EPOD.
653 215 677 262 9.
699 213 740 262 10.

305 356 494 420 exercitatas
517 357 574 418 aut
595 355 679 437 petit
703 351 809 437 Syrtis
831 357 916 419 noto

350 447 406 508 aut
429 443 532 507 fertur
556 443 678 508 incerto
701 443 791 507 mari.
955 451 961 459 ‘

304 534 486 617 capaciores
509 531 599 597 adfer
621 533 698 616 huc,
720 553 815 615 puer,
839 533 987 618 scyphos

349 626 382 686 et
406 620 485 686 Chia
508 622 584 685 rina
607 624 664 685 aut
686 620 803 686 Lesbia

305 711 358 776 vel
381 712 467 794 quod
490 711 644 774 fluentem
667 731 821 774 nauseam
844 715 1002 777 coerceat

349 801 463 864 metire
485 799 580 863 nobis
605 797 796 864 Caecubum.

304 910 414 954 curam
437 892 623 972 metumque
649 887 792 954 caesaris
815 911 928 955 rerum
952 889 1049 955 iurat
1120 926 1124 933 ·

350 978 436 1042 dulci
459 978 566 1062 Lyaeo
590 979 722 1042 solvere.

616 1280 655 1344 X.

305 1387 392 1451 Mala
416 1387 521 1452 soluta
543 1388 635 1451 navis
660 1389 726 1451 exit
749 1387 826 1451 alite

349 1476 456 1540 ferens
480 1477 620 1541 olentem
643 1476 814 1541 Maevium.

306 1569 342 1629 ut
365 1565 506 1629 horridis
529 1569 702 1650 utrumque
725 1566 873 1630 verberes
897 1566 1005 1654 latus,

350 1653 483 1736 Auster,
506 1658 667 1719 memento
691 1655 856 1741 fiuctibus3

306 1744 398 1830 niger
421 1745 565 1808 rudentis
588 1743 696 1807 Eurus
720 1746 847 1808 inverso
870 1747 958 1811 mari

351 1832 534 1916 fractosque
557 1855 662 1897 remos
686 1833 825 1918 differat3

307 1922 454 2008 insurgat
476 1921 612 2006 Aquilo,
637 1926 776 2006 quantus
800 1922 874 1987 altis
898 1926 1074 1991 montibus

351 2011 473 2094 frangit
495 2013 664 2075 trementis
688 2011 791 2096 ilioes3

307 2122 367 2165 nec
390 2100 478 2164 sidus
497 2105 568 2164 atra
590 2105 684 2164 nocte
707 2102 846 2165 amicum
870 2101 1045 2189 adpareat,

352 2212 415 2272 qua
437 2191 542 2253 tristis
566 2187 665 2253 Orion
690 2189 788 2274 cadit3

309 2279 467 2361 quietiore
489 2301 549 2344 nec
571 2279 693 2342 feratur
715 2301 854 2363 aequore

352 2390 448 2451 quam
475 2365 569 2431 Graia
591 2368 751 2432 victorum
775 2390 904 2454 manus,

309 2478 381 2520 oum
405 2456 512 2521 PaHas
536 2461 609 2522 usto
634 2458 731 2521 vertit
754 2458 834 2522 iram
859 2458 899 2522 ab
923 2457 989 2526 llio

352 2547 386 2609 in
409 2546 531 2630 inpiam
555 2545 664 2612 Aiacis
687 2550 798 2610 ratem.

310 2655 328 2697 o
353 2639 491 2718 quantus
515 2636 616 2699 instat
638 2637 756 2700 navitis
780 2636 879 2702 sudor
901 2639 969 2702 tuis

350 2725 473 2807 tibique
496 2724 601 2808 pallor
623 2724 730 2789 luteus

309 2816 341 2877 et
364 2813 421 2877 illa
444 2836 510 2878 non
532 2814 635 2878 virilis
658 2814 814 2878 heiulatio

352 2924 461 2986 preces
486 2907 518 2966 et
541 2924 687 2966 aversum
712 2903 753 2967 ad
775 2901 898 2987 Iovem,

201 3043 329 3113 ΘΜ
397 3043 534 3114 anno

203 3166 240 3220 35
259 3183 394 3220 nauseam
414 3167 503 3238 ΕΘ,
521 3168 651 3221 nausiam
671 3169 759 3222 Atta

205 3238 251 3310 10,
269 3240 283 3292 l
306 3238 493 3310 [QABO]
551 3240 578 3293 1.
595 3239 611 3291 2
627 3242 659 3294 ob
675 3240 817 3294 Maeciam
831 3240 913 3306 affert
921 3239 999 3297 Sero.
1011 3242 1151 3309 bucam

132 3311 147 3363 1
168 3312 217 3365 dat
234 3312 314 3365 schol.
334 3310 403 3366 stat.
427 3311 610 3376 Phaeaca
634 3313 665 3365 ob
690 3311 748 3364 ales
771 3312 833 3377 fem.
909 3310 948 3365 lo
970 3313 1006 3367 ob
1029 3314 1151 3370 Οήοηα

132 3383 203 3437 Sero.
214 3388 285 3436 aava
297 3383 366 3436 Aea.
377 3387 403 3447 1,
414 3385 468 3436 535
546 3381 594 3436 13.
611 3380 648 3435 14
667 3384 699 3436 ob
717 3400 774 3436 rena
788 3383 870 3449 affert
885 3381 960 3439 Serv.
971 3385 1047 3439 Aen.
1056 3390 1084 3451 2,
1094 3387 1151 3451 616,

130 3457 193 3508 item
209 3453 245 3506 13
264 3454 302 3508 ad
316 3454 386 3508 Aea.
403 3458 445 3517 11,
459 3457 515 3507 259
589 3453 623 3506 17
640 3461 754 3522 propter
771 3469 828 3506 non
845 3453 936 3507 virilis
955 3456 1068 3512 exhaust
1082 3456 1150 3513 Sera

131 3527 245 3649 {vepna
266 3528 322 3579 667
413 3523 449 3577 18
477 3525 626 3595 [(ῇεΑθ]
718 3541 849 3578 auersum
866 3526 903 3596 ᾧ
920 3524 973 3598 (ᾧ,
1003 3528 1152 3584 aduam
