2400 3968
86 195 150 261 192
503 197 608 253 SERM.
628 197 641 251 1
660 205 684 253 6.

136 367 211 407 nam
234 365 318 429 vaga
339 366 397 427 per
420 347 560 408 veterem
585 345 710 428 dilapso
734 345 867 409 flamma
890 344 1013 409 culinam

136 431 282 497 Volcano
301 457 462 497 summum
485 434 680 519 properabat
702 434 847 500 lambere
871 438 990 498 tectum.

97 545 122 586 vs
138 522 288 587 convivas
312 523 423 588 avidos
447 545 559 588 cenam
582 545 754 608 servosque
779 523 907 588 timent'

136 616 204 677 tum
230 635 342 697 rapere
366 617 462 697 atque
486 613 591 677 omnis
614 614 815 697 restinguere
838 613 921 678 velle
942 611 1046 676 videres

137 702 252 785 incipit
275 724 312 766 ex
337 702 393 767 illo
418 703 539 766 montis
561 701 681 786 Apulia
703 706 801 767 notos

138 794 299 856 ostentare
322 791 417 876 mihi,
441 814 522 874 quos
544 795 647 856 torret
670 790 832 856 Atabulus
857 795 890 855 et
912 812 986 874 quos

137 902 301 964 nunquam
325 902 521 965 erepsemus,
544 881 608 946 nisi
630 902 691 945 nos
714 881 821 946 vicina
843 880 961 945 Trivici

97 991 123 1030 ao
138 969 215 1033 villa
237 971 411 1054 recepisset
434 969 605 1035 lacrimoso
630 992 695 1035 non
719 970 789 1034 sine
811 970 917 1053 fumo,

137 1058 217 1124 udos
242 1082 314 1124 cum
336 1059 426 1124 foliis
449 1081 555 1125 ramos
579 1062 692 1123 urente
715 1059 850 1124 camino.

136 1148 191 1212 hic
214 1171 273 1235 ego
297 1148 482 1213 mendacem
506 1149 715 1213 stultissimus
739 1170 842 1232 usque
866 1146 998 1233 puellam

138 1238 178 1302 ad
205 1239 344 1303 mediam
371 1243 500 1303 noctem
523 1241 688 1322 exspect03
712 1259 844 1302 somnus
868 1242 974 1302 tamen
992 1231 1062 1298 aufal

138 1328 297 1392 intentum
321 1329 443 1392 veneri:
466 1332 536 1392 tum
560 1327 715 1392 inmundo
739 1326 868 1392 somnia
890 1327 960 1391 visu

97 1436 123 1476 es
137 1420 328 1482 nocturnam
351 1421 473 1481 vestem
496 1416 659 1482 maculant
680 1420 893 1500 ventremque
916 1414 1046 1499 supinum

138 1511 291 1590 quattuor
313 1507 388 1570 hinc
411 1507 556 1590 rapimur
578 1506 695 1591 viginti
718 1509 752 1570 et
774 1505 867 1569 milia
890 1504 1000 1584 raedis,

138 1596 280 1661 mansuri
304 1596 473 1680 oppidu10,
497 1595 583 1678 quod
605 1617 700 1660 versu
724 1595 830 1659 dicere
852 1596 998 1677 nonest,

139 1687 239 1772 signis
264 1684 415 1769 perfacile
438 1689 500 1750 est:
523 1685 614 1748 venit
635 1683 792 1749 vilissima
814 1706 924 1748 rerum

137 1775 192 1839 hic
215 1796 311 1858 aqua,
335 1775 390 1839 sed
412 1775 505 1859 panis
528 1773 626 1859 longe
648 1773 877 1858 pulcerrime,
899 1772 982 1838 ultra

98 1883 124 1923 ⁹⁰
138 1864 273 1929 callidus
297 1868 334 1927 ut
357 1865 459 1929 soleat
482 1863 601 1928 umeris
624 1867 753 1947 portare
775 1863 892 1927 viator.

137 1976 213 2018 nam
237 1951 355 2018 Canusi
378 1952 556 2037 lapidosus,
581 1974 682 2036 aquae
704 1974 771 2017 non
794 1951 895 2016 ditior
917 1971 993 2015 urna

139 2043 194 2126 qui
217 2042 308 2107 locus
331 2066 350 2107 a
373 2043 449 2107 forti
473 2042 629 2107 Diomede
653 2045 702 2106 est
725 2041 875 2106 conditus
900 2039 983 2105 olim.

139 2132 290 2196 fientibus
314 2132 390 2197 hinc
413 2131 531 2196 Varius
555 2131 690 2196 discedit
712 2134 855 2195 maestus
879 2128 995 2193 amicis.

140 2222 213 2285 inde
238 2221 349 2286 Rubos
373 2223 448 2286 fessi
472 2222 690 2304 pervenimus,
712 2222 827 2304 utpote
850 2219 983 2306 longum

98 2331 124 2370 es
139 2315 304 2395 carpentes
328 2312 389 2375 iter
412 2312 587 2375 etinctum
612 2310 793 2394 corruptius
817 2309 925 2373 imbri.

138 2404 268 2484 postera
290 2404 465 2484 tempestas
488 2399 615 2482 melior,
639 2399 692 2462 via
714 2398 806 2483 peior
829 2397 869 2463 ad
893 2418 993 2480 usque

139 2489 216 2554 Bari
240 2490 367 2554 moenia
390 2490 522 2574 piscosi3
547 2489 621 2552 dein
645 2486 761 2552 Gnatia
783 2486 945 2572 Lymphis

139 2579 232 2642 iratis
256 2583 419 2643 exstructa
443 2578 531 2642 dedit
554 2578 701 2661 risusque
725 2578 893 2660 iocosque,

140 2669 216 2732 dum
240 2669 370 2732 flamma
393 2670 461 2731 sine
485 2672 560 2731 tura
581 2667 760 2750 liquescere
782 2665 897 2730 limine
921 2686 1010 2730 sacro

86 2784 125 2823 roo
139 2757 331 2840 persuadere
355 2758 452 2840 eupit.
499 2757 608 2823 credat
631 2754 768 2820 Iudaeus
792 2753 925 2839 Apella,

139 2868 205 2912 non
229 2868 302 2932 ego:
325 2869 464 2931 namque
487 2846 563 2911 deos
587 2845 685 2909 didici
708 2866 856 2910 securum
880 2865 978 2930 agere
997 2861 1063 2908 aevo

157 3022 352 3094 ΘεαΟΒΕ
422 3022 558 3093 &M

161 3166 197 3220 79
218 3165 328 3236 dilapso
346 3166 395 3237 (D,
419 3164 535 3234 delapso
555 3164 624 3236 ΘΟ
714 3162 749 3216 78
773 3164 863 3217 torret
884 3163 925 3234 (D
942 3163 982 3236 (ξι)
1000 3165 1063 3244 Pmp

87 3241 174 3293 terret
195 3239 250 3294 GE
321 3239 355 3304 cf.
374 3238 441 3292 Gall.
456 3241 484 3303 2,
502 3241 549 3302 22,
567 3240 604 3290 25
623 3237 656 3288 ut
674 3237 718 3290 est
736 3234 910 3288 Horatianus
931 3248 1063 3304 quoquer

87 3310 226 3364 Atabulus
303 3310 338 3363 79
358 3309 453 3363 triuici
472 3310 508 3379 Θ
526 3307 564 3380 Θ
582 3309 694 3377 Ρονρὴ,
718 3305 815 3360 triciui
833 3306 936 3363 DER
1009 3304 1063 3359 99ι

86 3383 178 3438 labent
201 3383 323 3453 exerrrplu
343 3383 428 3436 Vatia.
443 3385 499 3435 249
518 3380 550 3434 ob
569 3378 718 3446 Diomed03
742 3394 849 3432 cesum
868 3378 977 3433 delebat
997 3378 1063 3432 Beni

87 3454 126 3507 99
150 3453 216 3507 hinc
234 3454 271 3524 (ὓ
287 3453 338 3525 Θ,
366 3453 413 3506 hic
433 3470 449 3511 ς
540 3449 579 3506 94
600 3483 632 3490 -
652 3449 830 3518 pervenimus
849 3450 882 3503 ob
907 3466 1009 3503 nomen
1030 3448 1063 3515 “ll

87 3527 160 3581 Sere.
175 3542 262 3597 peorp.
279 3530 304 3591 1,
320 3529 377 3579 266
431 3523 466 3576 97
489 3522 554 3578 dein
573 3524 621 3594 (ᾖ,
642 3521 744 3575 dehinc
765 3524 801 3587 Φ,
821 3519 906 3574 deinc
925 3519 976 3587 R’,
996 3520 1063 3575 12¹1

87 3599 186 3669 tepitur
261 3596 360 3666 gnatia
378 3597 414 3666 Q)
431 3594 470 3666 (ᾧ
489 3595 600 3664 Ρονρὴ,
620 3593 714 3662 gratia
732 3593 793 3646 Do
