2400 3968
342 170 450 225 CARM.
465 170 491 224 Π
508 176 532 225 1.
548 178 572 225 2.

109 317 173 380 iam
197 337 283 380 nunc
305 316 424 380 minaci
448 338 612 380 murmure
636 336 791 381 cornuom

108 405 301 490 perstringis
325 405 425 489 auria,
448 405 513 480 iam
536 404 610 468 litui
634 408 790 489 strepunt,

153 494 218 558 iam
241 494 352 580 fulgor
375 517 539 558 armorum
561 493 686 579 fugacis
777 516 778 521 ¹

197 587 298 648 terret
321 606 420 668 equos
444 583 654 668 equitumque
676 582 793 647 voltus.

108 707 226 772 audire
243 729 378 794 magnos
401 709 466 771 iam
489 707 601 773 videor
625 709 730 791 duces,

107 819 173 862 non
197 797 348 862 indecoro
371 796 504 881 pulvere
528 797 676 863 sordidos

153 890 186 950 et
209 890 325 950 cuncta
348 890 505 950 terrarum
529 886 662 952 subacta

197 980 325 1059 praeter
347 980 489 1040 atrocem
513 977 657 1039 animum
682 975 821 1041 Catonis.

107 1098 189 1165 Iuno
214 1104 247 1163 et
270 1100 402 1164 deorum
425 1100 574 1185 quisquis
598 1101 732 1165 amicior

107 1189 197 1253 Afris
220 1189 325 1254 inulta
349 1194 487 1253 cesserat
510 1189 660 1273 inpotens

152 1277 268 1342 tellure
292 1280 609 1363 victorumnepotes

197 1368 325 1431 rettulit
347 1368 480 1431 inferias
502 1365 688 1454 iugurthae.

108 1493 180 1577 quis
203 1514 270 1557 non
291 1492 410 1556 Latino
434 1494 591 1578 sanguine
613 1494 766 1578 pinguior

108 1603 240 1665 campus
264 1581 420 1666 sepulcris
444 1584 534 1666 inpia
557 1582 681 1667 proelia

152 1675 290 1735 testatur
313 1671 526 1755 auditumque
549 1670 652 1735 Medis

195 1759 373 1845 Hesperiae
396 1761 540 1826 sonitum
563 1760 697 1824 ruinae?

108 1885 164 1968 qui
187 1906 306 1971 gurges
331 1888 387 1947 cut
411 1906 492 1968 quae
515 1884 649 1948 flumina
672 1883 820 1969 lugubris

106 1973 221 2059 ignara
243 1973 344 2037 belli?
368 1974 455 2056 quod
478 1995 566 2037 mare
588 1973 734 2038 Dauniae

151 2084 218 2127 non
241 2063 464 2128 decoloravere
487 2063 620 2128 caedes?

197 2173 278 2234 quae
302 2158 389 2216 caret
412 2174 469 2216 ora
492 2173 604 2216 cruore
626 2152 761 2216 nostro?

108 2276 226 2340 sedne
249 2275 384 2360 relictis,
407 2276 501 2340 Musa
523 2299 656 2360 procax,
680 2277 759 2341 iocis

107 2363 188 2429 Ceae
212 2369 365 2429 retractes
389 2387 522 2428 munera
544 2366 666 2449 neniae,

151 2476 286 2534 mecum¹
300 2454 446 2518 Dionaeo
471 2454 531 2518 sub
555 2459 648 2518 antro

101 2620 111 2624 .,
136 2549 160 2559 ”
198 2563 314 2628 quaere
337 2543 451 2608 modos
474 2542 594 2609 leviore
616 2542 749 2627 plectro.
777 2623 778 2626 Ἴ

435 2827 475 2894 ΙΙ.

105 2933 226 3000 Nullus
250 2941 385 3022 argento
410 2935 499 3000 color
522 2940 571 2999 est
594 2937 699 2999 avaris

88 3025 217 3109 ,subdito
241 3025 350 3109 terris,
374 3025 503 3101 inimice
526 3025 652 3089 lamnae

106 3112 218 3197 Crispe
243 3113 389 3198 Sallusti,
413 3115 476 3179 nisi
499 3118 677 3198 temperato

151 3203 316 3286 splendeat
340 3227 408 3268 usu.

63 3320 226 3416 :ABDE
245 3357 265 3380 ⁵
295 3361 431 3432 &RQ

75 3484 182 3540 Sudare
202 3527 207 3539 .
224 3527 230 3540 .
247 3528 252 3538 .
271 3486 354 3539 video
374 3487 480 3540 Bitschl

61 3554 79 3610 2
99 3556 212 3611 lamnae
231 3557 312 3628 ΒΘ,
336 3557 478 3627 lam(m)ae
498 3559 597 3613 ΑΒΕ

59 3665 134 3708 surus,
149 3655 330 3696 euvollmer.
351 3657 393 3696 Ed.
404 3659 484 3698 maior.
784 3649 801 3695 4
