2400 3968
495 209 602 268 EPOD.
620 216 644 267 4.
665 217 689 266 5.

555 353 629 420 ΠΙΙ.

218 464 320 548 Lupis
344 467 376 527 et
399 463 491 550 agnis
516 471 636 546 quanta
660 462 776 527 sortito
802 461 929 548 obtigit,

263 558 370 619 tecum
393 553 474 616 mihi
497 551 658 616 discordia
680 555 743 637 est,

219 642 381 707 Hibericis
404 644 534 726 peruste
556 641 689 705 funibus
712 641 799 705 latus

264 736 297 796 et
319 753 412 795 crura
435 730 514 794 dura
537 730 698 813 compede.

219 821 296 885 lieet
319 820 475 904 superbus
499 819 643 884 ambules
666 818 817 903 pecunia,

265 911 396 974 fortuna
417 930 484 973 non
506 912 611 973 mutat
634 929 744 994 genus.

220 999 364 1082 videsne,
388 1020 511 1061 sacram
534 998 687 1060 metiente
709 1002 742 1060 te
765 997 852 1067 viam

266 1110 339 1152 eum
363 1087 412 1151 bis
434 1087 534 1150 trium
558 1086 707 1150 ulnarum
730 1091 822 1172 toga,

220 1182 257 1241 ut
281 1197 337 1240 ora
360 1179 464 1240 vertat
486 1175 551 1239 hue
574 1180 605 1239 et
628 1175 692 1239 hue
715 1176 862 1240 euntium

188 1272 192 1280 '
265 1266 431 1330 liberrima
454 1263 657 1349 indignatio?

222 1356 341 1419 ‘sectus
364 1353 502 1439 flagellis
524 1354 577 1416 hie
601 1353 858 1418 triumviralibus

265 1443 432 1527 praeconis
456 1443 496 1506 ad
518 1442 684 1506 fastidium

222 1538 291 1597 aret
314 1532 443 1597 Falerni
466 1530 555 1596 mille
577 1531 670 1594 fundi
693 1531 805 1618 iugera

266 1627 298 1686 et
320 1619 459 1705 Appiam
485 1621 612 1684 mannis
635 1619 712 1684 terit
815 1678 819 1684 .

224 1709 442 1794 sedilibusque
464 1731 602 1796 magnus
626 1709 796 1792 inprimis
820 1731 918 1794 eques

267 1797 395 1864 Othone
419 1802 604 1882 contempto
628 1798 725 1875 sedet.

225 1889 303 1972 quid
328 1889 444 1952 attinet
467 1892 517 1952 tot
540 1910 596 1952 ora
618 1888 750 1974 navium
774 1888 866 1973 gravi
958 1969 962 1975 Ι

267 1981 406 2042 rostrata
430 1977 504 2041 duei
526 1976 667 2060 pondere

225 2071 337 2132 eontra
359 2066 502 2130 latrones
525 2069 622 2149 atque
646 2066 795 2130 servilem
818 2087 947 2131 manum

269 2158 344 2238 hoe,
367 2156 430 2220 hoe
453 2155 583 2219 tribuno
608 2154 783 2218 militum?'

519 2289 680 2299 ——-

581 2386 619 2449 V.

226 2492 283 2556 ‘At
307 2515 326 2558 ο
350 2493 483 2557 deorum
506 2492 663 2576 quidquid
686 2493 721 2557 in
744 2493 832 2557 eaelo
855 2493 940 2580 regit

270 2587 371 2645 terras
395 2585 427 2646 et
450 2581 626 2645 humanum
650 2603 765 2667 genus,

227 2671 304 2755 quid
328 2671 389 2735 iste
412 2671 476 2734 fert
500 2672 659 2735 tumultus
683 2674 738 2735 aut
763 2671 843 2753 quid
867 2671 1007 2736 omnium

271 2760 378 2824 voltus
401 2760 436 2823 in
458 2782 560 2822 unum
582 2782 633 2823 me
655 2760 783 2824 truces?

164 2900 328 2970 &ABG
398 2899 536 2971 &an

166 3022 227 3092 4‚1
251 3023 437 3095 [ῶεΑΒΟ]
549 3022 568 3077 4
587 3025 721 3093 compede
739 3026 773 3090 ef.
796 3024 906 3079 Oledou.
926 3013 1089 3079 laudatae&

93 3114 176 3152 earm.
194 3099 219 3161 4,
235 3100 277 3161 11,
291 3098 328 3149 24
402 3094 419 3146 8
438 3094 524 3148 trium
540 3097 643 3161 Barth,
661 3099 704 3149 ter
722 3096 758 3166 (D
775 3095 814 3167 (ξι)
831 3096 935 3165 Porpb.
1009 3095 1042 3151 12
1058 3102 1092 3146 ert

93 3169 129 3239 (ij
148 3167 198 3292 ρἓ
219 3182 285 3265 aera
304 3166 435 3236 Bentley,
454 3172 484 3219 at
502 3167 536 3247 ef.
554 3167 668 3220 Cresius
683 3168 782 3222 Rbeia.
798 3168 875 3221 Mus.
890 3171 936 3234 44,
955 3171 1008 3223 451

94 3236 1098 3379 aa.etfrblf‘blllblll‘1lltlr1ll,lll·tt·1⁷’s³llt

94 3384 165 3437 Aea.
183 3383 294 3446 9,142,·
312 3384 347 3445 ef.
366 3379 474 3433 Oledou.
488 3397 602 3448 mamm.
624 3381 650 3433 V
666 3385 708 3447 74,
723 3385 742 3434 8
760 3381 799 3433 At
818 3397 834 3433 ο
853 3381 972 3434 deorum
990 3380 1101 3452 luppiter

95 3454 111 3508 1
131 3452 207 3522 regit
229 3451 266 3521 ῶ
287 3450 326 3522 ᾧ]
344 3451 445 3518 Porpa.
466 3451 547 3517 (Sere.
569 3453 618 3517 bre,
642 3453 725 3518 Dore,
745 3453 832 3506 Posse.
852 3452 948 3507 Dione
966 3446 1105 3525 yrum!

95 3528 161 3590 528,
182 3529 225 3588 19,
245 3527 275 3574 at
294 3521 385 3574 saeuit
403 3522 475 3576 Serv.
490 3539 603 3591 ararum.
625 3524 668 3575 VI
683 3527 745 3589 471,
764 3525 820 3592 24),
840 3523 916 3595 regis
933 3527 957 3578 Φ
1031 3522 1104 3580 tad

94 3595 143 3666 (ἵ),
163 3593 247 3665 et&
