2400 3968
87 157 152 223 312
419 157 469 213 ΒΕ
487 158 585 213 ARTE
603 156 767 213 Polemon.

138 303 303 368 ludentem
324 304 458 389 lasciva,
482 326 627 368 severum
651 306 734 368 seria
757 303 856 368 dictu.

139 394 260 457 format
282 393 366 456 enim
390 397 507 457 natura
528 393 619 477 prius
641 415 701 457 nos
724 394 813 457 intus
837 393 879 457 ad
902 414 1031 457 omnem

131 483 342 546 'fortunarum
364 481 526 547 habitum:
549 483 640 546 iuvat
663 486 720 546 aut
742 481 872 565 inpellit
894 482 937 547 ad
959 482 1041 547 iram
1094 510 1097 516 ·

87 597 126 638 110
141 576 198 635 aut
220 571 261 634 ad
282 572 418 635 humum
442 593 586 635 maerore
610 572 701 657 gravi
724 571 856 636 deducit
879 575 914 635 et
936 573 1043 657 angit3

139 663 216 744 post
240 660 332 724 effert
355 661 454 723 animi
477 664 586 725 motus
609 662 784 744 interprete
806 661 930 747 lingua.

141 750 169 812 si
194 748 330 813 dicentis
354 752 448 813 erunt
470 750 610 813 fortunis
634 749 756 815 absona
780 750 879 834 dicte,
904 757 907 761 ’

140 837 280 902 Romani
303 837 419 903 tollent
442 838 567 922 equites
589 839 779 923 peditesque
802 838 1008 904 cachinnum

143 928 291 991 intererit
314 929 467 1009 multum,
490 928 623 992 divesne
640 928 798 1012 loquatur
820 950 864 992 au
886 926 1000 1011 heros,

88 1041 127 1082 115
141 1021 329 1080 maturusne
352 1037 450 1080 senex
473 1039 515 1080 au
537 1017 642 1081 adhuc
664 1019 800 1082 florente
822 1017 959 1083 iuventa

142 1105 299 1189 fervidus,
322 1108 355 1168 et
378 1110 525 1169 matrona
548 1109 664 1189 potens
686 1129 728 1171 cn
751 1106 863 1170 sedula
885 1107 1015 1189 nutrix,

141 1199 340 1259 mercatorne
362 1216 464 1280 vagus
488 1194 633 1259 cultorne
655 1194 791 1259 virentis
812 1195 927 1280 agelli,

142 1281 281 1348 Colchus
305 1306 346 1346 an
369 1281 537 1367 Assyrius,
559 1284 678 1348 Thebis
700 1283 844 1348 nutritus
867 1307 912 1348 an
935 1282 1047 1370 Argis.

141 1377 197 1436 aut
219 1373 337 1436 famam
362 1394 493 1455 sequere
516 1377 572 1436 aut
595 1372 656 1437 sibi
681 1373 908 1437 convenientia
929 1374 1033 1459 finge,

88 1461 289 1545 adscriptor.
334 1461 530 1526 honoratum
554 1463 581 1525 si
604 1463 689 1526 forte
712 1463 842 1545 reponis
865 1460 1048 1545 Achillem,

141 1551 269 1635 inpiger
292 1549 476 1633 iracundus,
499 1551 708 1614 inexorabilis
731 1573 816 1634 scer,

142 1641 213 1702 iura
236 1643 332 1724 neget
355 1638 419 1703 sihi
440 1644 531 1723 nata,
552 1639 637 1703 nihil
659 1661 725 1703 non
748 1644 879 1724 arroget
902 1639 1014 1704 armis.

143 1729 186 1791 sit
208 1727 321 1792 Medea
344 1727 436 1792 ferox
459 1729 657 1813 invictaque,
680 1729 798 1794 flebilis
820 1727 894 1812 luo,

142 1818 283 1900 perfidus
306 1815 409 1901 Ixion,
432 1816 468 1882 Io
491 1839 582 1902 vaga,
605 1817 709 1882 tristis
732 1815 870 1882 Orestes.

89 1932 128 1972 ns
143 1906 250 1988 siquid
272 1907 474 1989 inexpertum
498 1928 629 1971 scaenae
653 1907 820 1973 conmittis
844 1911 876 1970 et
899 1906 1002 1971 audes

142 2017 312 2079 personam
335 1997 473 2059 formare
495 2018 622 2079 novam,
645 2000 789 2061 servetur
811 1996 852 2059 ad
874 1995 977 2060 imum

144 2085 249 2167 qualis
274 2085 314 2149 ab
338 2085 466 2167 incepto
490 2085 683 2168 processerit
707 2089 740 2150 et
762 2085 824 2148 sibi
849 2090 987 2150 constet.

145 2174 276 2237 difficile
299 2179 349 2237 est
371 2174 500 2257 proprie
525 2175 706 2238 communia
729 2175 846 2258 dicere3
870 2178 974 2257 tuque

143 2263 261 2327 rectius
284 2261 419 2328 Iliacum
443 2285 570 2327 carmen
594 2263 724 2327 deducis
747 2263 783 2328 in
805 2267 895 2328 actus

91 2379 130 2418 rso
145 2374 242 2435 quam
266 2353 294 2415 si
317 2352 477 2435 proferres
500 2353 613 2436 ignota
635 2353 820 2435 indictaque
843 2352 977 2436 primus.

143 2442 274 2525 publica
296 2442 443 2505 materies
466 2442 585 2525 privati
608 2442 688 2505 iuris
712 2443 782 2525 erit,
806 2443 833 2505 si

143 2552 210 2594 non
233 2530 316 2594 circa
339 2532 436 2594 vilem
460 2531 669 2613 patulumque
693 2530 869 2594 moraberis
894 2529 1009 2593 orbem

145 2642 202 2684 nec
225 2620 322 2683 verbo
346 2620 480 2683 verbum
505 2620 630 2683 curabis
653 2619 785 2683 reddere
808 2619 891 2684 fidus

161 2778 319 2847 ΘεαΒΟ
387 2776 524 2847 &RQ

164 2901 218 2955 111
239 2901 272 2954 ob
290 2919 345 2955 rem
364 2903 446 2968 affert
464 2902 544 2956 Beda
562 2903 594 2955 iu
608 2902 708 2970 psalm.
724 2906 742 2956 9
759 2902 869 2970 (Miyae
883 2905 928 2967 93,
948 2903 1013 2969 541)
1034 2899 1115 2954 effert

92 2975 157 3042 (ret
171 2975 209 3042 B)
227 2972 290 3042 (Dd
309 2973 408 3042 (Beda)
427 2974 508 3028 schol.
522 2973 589 3039 PV,
608 2973 637 3026 et
655 2971 725 3026 certi
817 2971 905 3024 animi
923 2972 960 3041 Q)
1014 3015 1021 3039 ‚
1041 2972 1114 3025 alios

92 3045 191 3113 (Beda)
230 3042 287 3096 114
302 3044 422 3098 diuusne
436 3044 625 3113 (nosneBG)
640 3042 736 3115 ῶῶ,
777 3059 908 3101 avusnes
946 3043 982 3096 ll
1019 3043 1116 3097 uiren-

91 3116 129 3169 tis
147 3116 196 3185 Q),
215 3114 340 3184 uigentis
358 3115 396 3186 Θ
453 3115 509 3169 120
525 3116 692 3169 honoratum
706 3115 743 3184 Q)
755 3112 794 3185 ᾧ
807 3115 896 3184 (schol.
913 3114 990 3168 Pers.
1007 3121 1033 3179 1,
1048 3112 1113 3182 702)

91 3189 127 3254 cf.
141 3189 218 3241 Ilias
232 3191 258 3251 9,
274 3192 328 3240 605
343 3188 461 3255 (uacauit
473 3187 622 3255 Sudhaus),
637 3186 806 3240 Homereum
820 3186 861 3240 vel
874 3185 980 3238 -iacum
995 3187 1116 3255 Bentley

92 3259 138 3326 (cf.
152 3260 232 3313 schol.
247 3261 274 3311 Γ
283 3258 309 3311 V
322 3276 352 3326 p.
367 3262 430 3324 328,
444 3262 492 3328 25)
601 3258 624 3311 si
639 3290 666 3297 —
679 3256 819 3312 Achillem
834 3258 867 3311 ob
880 3255 994 3325 reponis
1010 3258 1114 3325 Porpt.

93 3332 130 3385 cd
143 3348 167 3385 c.
178 3334 233 3384 190
293 3328 349 3383 122
363 3361 391 3368 -
404 3333 473 3382 nata
491 3332 523 3383 ob
542 3347 598 3383 rem
616 3329 689 3384 Sero.
705 3330 774 3383 Aea.
788 3332 816 3394 2,
830 3331 868 3382 29
925 3330 1013 3398 neget
1026 3328 1064 3398 Θ
1078 3327 1116 3398 Θ

94 3403 197 3469 (Seru),
217 3404 305 3471 nogat
324 3402 410 3456 Rite
482 3399 539 3453 133
558 3433 585 3440 -
602 3401 741 3468 interpres
760 3401 793 3454 ob
810 3399 972 3454 sonnatium
991 3401 1117 3466 affmut

93 3473 166 3527 Seru.
181 3475 251 3526 Aea.
268 3479 292 3538 1,
306 3476 370 3526 223.
386 3477 429 3537 11,
445 3476 460 3524 1
480 3473 558 3526 Hier.
574 3474 650 3541 epist.
666 3476 711 3538 57,
727 3476 744 3525 5
758 3488 788 3540 p.
804 3476 856 3525 571
874 3470 971 3540 Mique
1026 3469 1117 3525 uerbo

93 3543 211 3597 uerbum
229 3545 266 3614 (i)
279 3543 328 3615 ᾧ),
347 3543 465 3598 uerbum
484 3543 570 3598 uerbo
591 3545 646 3599 GR
664 3543 754 3613 (Hier.
769 3543 842 3599 Serv.
857 3543 908 3611 bis)
