2386 3974
472 119 581 174 GARM.
599 121 612 173 1
630 126 654 174 3.

194 268 298 350 navis,
321 288 403 350 quae
426 266 487 330 tibi
510 265 667 331 creditum

237 354 333 421 debes
356 353 553 441 Vergilium3
576 355 695 420 finibus
719 354 837 421 Atticis

194 445 305 509 reddas
328 444 522 508 incolumem
546 466 659 528 precor

239 538 271 599 et
296 555 403 597 serves
427 534 551 598 animae
575 533 744 598 dimidium
768 556 865 599 meae.

194 658 242 722 illi
264 659 364 722 robur
387 661 419 722 et
443 679 496 722 aes
519 657 638 742 triplex

237 748 322 812 circa
344 751 456 831 pectus
479 750 560 829 erat,
585 748 640 830 qui
662 748 812 833 fragilem
835 750 919 814 truci

194 837 344 902 conmisit
365 836 482 920 pelago
504 840 606 900 ratem

236 927 374 1010 primus:
397 946 456 989 nec
478 924 589 989 timuit
610 925 821 1010 praecipitem
844 925 991 991 Africum

194 1049 408 1114 decertantem
431 1048 651 1132 Aquilonibus

236 1161 296 1203 nec
318 1138 421 1203 tristis
445 1137 576 1223 Hyadas
598 1160 658 1203 nec
679 1140 802 1205 rabiem
825 1138 919 1224 Noti,

193 1249 257 1311 quo
280 1249 347 1292 non
369 1227 489 1292 arbiter
510 1226 650 1292 Hadriae

237 1318 353 1399 maior,
376 1317 489 1381 tollere
514 1339 570 1382 seu
593 1339 712 1401 ponere
735 1317 803 1381 volt
826 1318 921 1403 freta3

194 1464 289 1526 quem
312 1441 425 1506 mortis
450 1441 560 1506 timuit
583 1442 718 1526 gradum

238 1532 294 1615 qui
318 1531 409 1594 siccis
434 1530 535 1595 oculis
558 1535 703 1595 monstra
725 1534 884 1615 natantia,

193 1620 249 1703 qui
273 1620 353 1683 vidit
377 1641 464 1683 mare
487 1620 653 1705 turgidum
677 1624 709 1684 et

236 1709 365 1773 infamis
390 1708 540 1792 scopulos
563 1707 820 1774 Acroceraunia?

193 1833 388 1917 nequiquam
412 1834 488 1897 deus
512 1833 649 1898 abscidit

236 1923 375 2005 prudens
399 1944 518 1987 oceano
543 1922 738 1987 dissociabili
816 1979 829 2002 ,

192 2015 306 2093 terras,
330 2012 358 2076 si
380 2015 489 2076 tamen
512 2013 618 2096 inpiae

235 2122 301 2164 non
324 2101 485 2186 tangenda
507 2106 591 2166 rates
614 2101 802 2166 transiliunt
820 2103 908 2166 vada.

193 2224 297 2288 audax
320 2225 427 2289 omnia
449 2227 575 2310 perpeti

236 2334 314 2398 gens
336 2314 478 2378 humana
500 2316 567 2378 ruit
588 2337 647 2398 per
669 2315 806 2380 vetitum
829 2317 932 2381 nefas:

192 2402 296 2467 audax
318 2400 421 2487 Iapeti
445 2425 544 2488 genus

236 2491 344 2577 ignem
368 2493 479 2557 fraude
501 2493 587 2557 mala
610 2493 759 2579 gentibus
783 2493 908 2578 intulit3

129 2649 303 2720 &nnn
389 2649 526 2720 ΘΜ

128 2791 203 2846 5-7
224 2792 257 2846 ob
274 2790 376 2844 reddas
391 2791 464 2846 Serv.
478 2794 548 2847 Aea.
563 2797 590 2860 2,
603 2797 669 2860 260,
688 2794 722 2859 cs.
738 2793 807 2848 Aen.
823 2796 900 2861 6,18
958 2793 976 2847 5
995 2794 1074 2848 navis

58 2862 262 2933 -Vergilium
280 2863 312 2918 ob
331 2862 763 2934 creditumPcrpb.earm.1,24‚
776 2870 809 2919 11
874 2865 891 2919 8
911 2867 943 2921 ob
963 2866 1074 2919 animae

58 2933 209 2988 dimidium
227 2934 306 2988 schol.
322 2936 349 2988 A
368 2950 450 2989 carm.
468 2939 497 3002 2,
516 2940 560 3001 17,
580 2941 597 2990 5
602 2957 612 3004 ;
635 2936 669 3002 cf.
688 2935 762 3008 Acp.
776 2937 848 3003 conf.
868 2941 894 3003 4,
914 2942 976 3006 61).
992 2942 1037 3004 60,
1057 2941 1074 2991 5

57 3007 154 3072 Knoll,
173 3006 253 3059 Hier.
274 3005 360 3060 Mica
379 3009 408 3073 2,
427 3009 445 3059 7
465 3008 563 3076 Mipne
579 3010 626 3073 25,
645 3009 740 3061 12190
822 3007 859 3062 18
884 3009 965 3062 siccis
984 3009 1020 3079 Q)
1037 3008 1075 3080 Θ

58 3079 169 3147 Porpb,
183 3077 268 3130 rectis
282 3077 399 3148 Bentley
454 3076 491 3131 19
505 3079 650 3148 turgidum
663 3078 701 3150 Q
714 3080 794 3133 schol.
810 3081 875 3146 ΑΓ,
894 3082 927 3147 cs.
943 3080 1075 3136 Sacerdos

58 3165 170 3219 pravam.
187 3149 310 3214 VI533,
328 3152 374 3215 17,
397 3148 544 3202 turbidum
566 3150 603 3221 Θ
620 3150 724 3204 Bland.
816 3150 855 3204 20
877 3152 1075 3206 acroceraunia

58 3220 203 3346 Qscbcl.
224 3218 293 3274 Stat.
316 3219 398 3274 Theb.
414 3226 440 3285 1,
460 3224 521 3274 333.
541 3225 566 3288 3,
586 3225 639 3275 121
656 3222 718 3292 [bic
737 3221 775 3275 -io
795 3223 854 3293 MJ.
880 3227 904 3290 6,
925 3228 977 3278 155
995 3224 1029 3290 cf.
1050 3230 1076 3277 et

124 3333 129 3343 .
151 3295 220 3344 Aen.
240 3294 266 3355 3,
286 3295 366 3360 506),
394 3291 525 3344 ceraunia
548 3293 644 3347 baraza
662 3293 778 3361 Porpt,
805 3294 1074 3366 acroceraunios&

60 3362 128 3431 (nia
147 3362 189 3429 R,
212 3362 259 3415 aed
277 3379 294 3414 a
312 3364 347 3416 ab
366 3363 426 3417 alio
444 3365 539 3431 aranu)
611 3362 649 3417 22
670 3363 845 3417 dissociabili
862 3366 899 3436 (i)
916 3365 966 3448 (ᾧ,
990 3365 1073 3419 -biles

61 3431 234 3562 ww,
257 3434 374 3559 Benplcy
465 3432 502 3488 23
526 3435 550 3487 si
569 3467 603 3475 -
621 3434 694 3488 vada
713 3436 745 3490 ob
770 3435 794 3488 si
813 3437 894 3506 quasi
916 3455 941 3490 si
959 3436 1076 3505 quidem
