2386 3974
473 149 579 207 SERM.
597 149 624 206 11
642 156 667 207 8.
1013 150 1078 215 247

55 298 213 364 ridiculus
236 300 322 363 totas
346 298 445 364 semel
468 296 638 362 absorbere
661 296 838 381 placentas3

55 387 282 453 Nomentanus
305 386 441 471 adhoc,
465 386 530 469 qui,
553 385 660 470 siquid
680 385 765 454 forte
788 386 913 472 lateret,
1042 410 1067 452 aa

57 477 162 542 indice
185 479 379 541 monstraret
401 475 517 562 digito:
541 497 614 540 nam
640 479 745 539 cetera
767 475 871 559 turba,

56 588 127 650 nos,
143 566 291 650 mquam,
314 586 464 630 cenamus
488 565 565 648 aris,
589 564 766 647 conchylia,
788 563 896 648 piscis,

57 656 156 741 longe
180 654 369 719 dissimilem
393 659 471 719 noto
496 653 633 719 celantia
656 674 777 736 sucum,

57 749 97 810 ut
119 746 171 810 vel
194 743 347 808 continuo
370 745 485 828 patuit,
509 765 582 807 oum
605 743 742 827 passeris
767 746 862 827 atque

58 835 225 920 ingustata
247 832 328 898 mihi
351 837 536 917 porrexerat
558 832 615 896 ilia
638 831 775 897 rhombi.
1044 857 1070 898 se

59 926 136 1009 post
158 923 221 987 hoe
244 945 294 986 me
319 922 428 987 docuit
450 921 611 987 melimela
632 922 747 986 rubere
769 922 928 986 minorem

60 1012 102 1076 ad
124 1013 234 1077 lunam
258 1010 387 1076 delecta.
435 1012 513 1095 quid
535 1011 598 1075 hoc
620 1011 758 1095 intersit,
781 1009 822 1074 ab
847 1009 919 1095 ipso

60 1101 199 1166 audieris
222 1101 347 1167 melius.
392 1104 461 1165 tum
485 1100 637 1165 Vibidius
659 1098 827 1165 Balatroni

61 1190 145 1255 “nos
168 1189 231 1254 nisi
256 1190 408 1256 damnose
430 1191 581 1273 bibimus,
603 1190 778 1253 moriemur
800 1188 935 1273 inulti,'’

61 1283 95 1344 et
118 1279 232 1344 calices
254 1280 361 1364 poscit
383 1280 530 1345 maiores.
576 1283 700 1345 vertere
722 1278 828 1363 pallor
1045 1302 1071 1344 aa

62 1375 132 1434 tum
157 1368 289 1453 parochi
311 1369 427 1435 faciem
451 1368 498 1432 nil
522 1370 569 1433 sie
591 1368 764 1433 metuentis
788 1370 825 1432 ut
848 1367 931 1434 acris

62 1462 201 1543 potores,
224 1458 276 1522 vel
300 1458 388 1542 quod
411 1458 607 1523 maledicunt
629 1457 762 1522 liberius
784 1459 836 1523 vel

63 1548 186 1614 fervida
210 1547 298 1631 quod
321 1548 439 1613 subtile
462 1547 638 1612 exsurdant
659 1547 736 1612 vina
757 1546 909 1633 palatum.

63 1639 229 1702 invertunt
251 1635 403 1701 Allifanis
426 1637 549 1702 vinaria
572 1641 642 1702 tota

63 1726 214 1791 Vibidius
237 1725 433 1810 Balatroque
457 1727 575 1791 secutis
600 1726 761 1791 omnibus:
786 1726 844 1790 imi
1047 1751 1074 1791 ιο

65 1816 216 1880 convivae
239 1815 314 1881 lecti
337 1815 475 1881 nihilum
498 1836 635 1880 nocuere
658 1816 813 1900 lagoenis.

65 1905 210 1969 adfertur
232 1903 367 1989 squillas
390 1906 475 1969 inter
498 1928 631 1969 murena
653 1906 795 1970 natantis

65 1997 99 2059 in
114 1995 226 2079 patina
239 1999 394 2079 porrecta,
418 1995 477 2059 sub
493 1995 555 2059 hoc
565 2017 637 2059 erus
649 1994 752 2058 “haec
761 1994 916 2079 gravida''
929 1992 1034 2077 inquit

67 2085 184 2184 “capta
207 2087 264 2167 est,
288 2083 428 2148 deterior
450 2088 524 2168 post
548 2089 675 2168 partum
700 2105 793 2149 carne
815 2084 866 2147 fut
852 2087 933 2146 t.ura

65 2174 117 2238 his
140 2173 277 2236 mixtum
301 2173 351 2237 ius
375 2177 436 2237 est:
461 2173 541 2256 oleo,
552 2173 651 2275 Ηιιιιοά
673 2173 779 2276 prima
802 2172 936 2236 Venafri
1048 2196 1074 2237 ιι

66 2263 186 2348 pressit
208 2261 301 2343 cella3
324 2283 402 2364 garo
430 2263 468 2326 de
491 2263 576 2328 sucis
601 2264 697 2347 piscis
721 2261 848 2346 Hiberi;

68 2353 142 2417 vino
166 2351 375 2505 quinquenni,
398 2374 506 2417 rerum
534 2353 614 2417 eitra
636 2374 723 2415 mare
747 2355 833 2434 nato,

68 2443 145 2506 dum
168 2442 317 2525 coquitur
341 2438 448 2528 (cocto
473 2440 637 2506 Chium
612 2463 658 2504 sic
681 2441 840 2523 convenit,
862 2444 987 2505 utnon

67 2531 131 2595 hoc
149 2531 252 2617 magis
271 2530 374 2594 ullum
393 2528 510 2618 aliud)3
533 2532 642 2615 pipere
661 2529 744 2614 albo,
764 2551 829 2594 non
849 2530 917 2594 sine
935 2532 1036 2612 aceto,

69 2620 155 2705 quod
178 2619 438 2702 Methymnaeam
462 2620 541 2685 vitio
566 2620 739 2684 mutaverit
760 2641 864 2683 uvam.
1051 2643 1077 2684 ao

68 2731 179 2774 erucas
202 2708 323 2792 viridis,
347 2709 452 2774 inulas
476 2732 536 2795 ego
559 2709 684 2793 primus
708 2731 831 2773 amaras

144 2886 271 2956 <aon
340 2885 440 2958 aar>

142 3043 181 3100 04
200 3046 287 3100 semel
304 3047 341 3117 Q
358 3045 408 3118 Q,
433 3045 518 3099 simul
536 3046 587 3100 Es
605 3045 732 3168 (lBloact.)
823 3043 973 3099 absorbere
991 3045 1028 3115 Q
1045 3043 1091 3116 Q,

70 3118 219 3173 obsorbere
239 3121 275 3178 λς
348 3117 397 3173 00.
417 3117 456 3172 00
475 3120 507 3173 ob
526 3120 559 3171 ut
576 3116 623 3171 vel
637 3133 690 3184 pro
708 3114 786 3169 velut
804 3117 886 3171 Μαι).
910 3117 1008 3171 abead.
1028 3122 1092 3170 onte

70 3191 266 3255 Prisc.17,1
290 3207 320 3259 p.
342 3193 404 3256 107,
428 3193 448 3243 2
538 3188 577 3242 00
599 3187 763 3256 porrexerat
786 3206 803 3247 ς
828 3188 945 3256 (Theod.
964 3188 1021 3241 cod.
1042 3188 1091 3253 D),

71 3261 228 3331 porrexerit
254 3262 290 3331 Q
317 3261 392 3332 Q(
383 3261 500 3343 (Tbe0d3
522 3260 578 3315 eod.
605 3260 642 3329 R)
739 3256 778 3312 34
806 3259 957 3312 moriemur
983 3259 1019 3329 Q
1045 3257 1091 3330 Q,

71 3333 225 3386 moriamur
248 3334 279 3387 E
385 3331 460 3386 40
452 3331 502 3386 nni
530 3333 566 3402 Q
588 3331 626 3413 Q
655 3331 759 3385 Blaad.
785 3331 887 3400 Porpb.
912 3332 939 3399 (ι’.
964 3331 1044 3384 schol.
1067 3333 1094 3383 Γ

67 3422 97 3475 p
116 3408 185 3471 201,
209 3406 270 3470 16),
298 3404 362 3457 imis
384 3405 406 3459 0
413 3407 435 3458 Φ
508 3402 547 3457 40
574 3403 673 3471 pipere
701 3401 810 3456 hallece
839 3419 896 3455 non
924 3401 983 3455 sine
1012 3402 1091 3455 aceto

71 3477 195 3544 afferrat
221 3477 364 3531 Prterierat
386 3476 463 3529 codd.
488 3481 553 3544 post
576 3479 602 3540 6,
627 3477 665 3528 20
689 3492 718 3542 p.
737 3476 807 3539 213,
831 3477 866 3526 13
895 3474 940 3542 (cs.
959 3473 997 3527 od
1019 3490 1043 3528 o.
1064 3474 1092 3542 9)

72 3546 111 3602 50
129 3547 283 3601 mutauerit
299 3547 346 3620 Q,
364 3546 517 3601 motauerit
537 3546 595 3602 OE
