2386 3974
403 111 452 166 DE
470 112 569 167 ARTE
587 111 749 169 POETIOA.
1018 115 1085 178 313

64 256 222 340 interpres
244 279 305 324 nec
328 257 454 322 desilies
477 257 622 322 imitator
644 259 677 322 in
701 263 817 342 artum,
916 253 918 258 ’

64 346 148 411 unde
172 347 285 429 pedem
307 348 451 431 proferre
474 349 579 431 pudor
601 352 688 411 vetet
710 352 767 412 aut
791 348 896 433 operis
920 350 982 433 lex,
1047 375 1086 415 rac

63 456 124 499 neo
146 435 194 501 sic
216 435 362 520 incipies,
383 440 420 500 ut
443 436 583 519 scriptor
605 436 744 520 cyclicus
769 437 861 502 olim:

65 525 243 590 ‘fortunam
265 524 386 589 Priami
409 525 544 589 cantabo
569 530 602 589 et
623 526 732 590 nobile
755 527 898 591 bellum'.

67 615 146 697 quid
169 613 303 699 dignum
327 618 418 678 tanto
442 614 524 678 feret
546 614 600 679 hic
622 615 799 698 promissor
820 615 934 681 hiatu?

65 704 248 786 parturient
271 707 408 786 montes,
430 709 580 767 nascetur
602 704 757 768 ridiculus
781 726 862 769 mus.

65 795 187 874 quanto
210 792 328 856 rectius
350 791 413 874 hic,
436 793 493 875 qui
514 792 562 856 nil
585 792 719 857 molitur
741 793 863 878 inepte:
951 872 955 880 ⁸
1046 821 1088 860 uo

66 881 130 947 ‘dic
153 880 243 963 mihi,
265 880 368 964 Musa,
391 881 506 963 virum,
528 885 639 965 captae
658 885 733 967 post
751 888 898 965 tempora
917 881 1031 948 Troiae

65 971 122 1053 qui
145 992 249 1034 mores
272 968 440 1034 hominum
463 971 638 1035 multorum
661 972 743 1035 vidit
766 976 799 1035 et
822 971 940 1036 urbes?

64 1081 131 1123 non
154 1060 280 1123 fumum
303 1082 343 1123 ex
365 1060 501 1145 fulgore,
526 1060 580 1124 sed
604 1083 643 1123 ex
665 1061 755 1124 fumo
780 1061 856 1124 dare
879 1063 984 1125 lucem

66 1150 197 1234 cogitat,
219 1152 257 1212 ut
280 1147 425 1231 speciosa
448 1148 564 1213 dehinc
586 1149 741 1213 miracula
763 1153 901 1232 promat,

65 1237 268 1320 Antiphaten
292 1235 495 1320 Scyllamque
519 1242 646 1303 etcum
670 1236 811 1322 Cyclope
832 1237 1087 1323 Charybdin31rs

65 1348 124 1390 nec
147 1327 286 1390 reditum
309 1325 474 1391 Diomedis
499 1326 539 1390 ab
562 1326 696 1391 interitu
718 1326 874 1413 Meleagri

65 1437 126 1479 nec
148 1417 277 1500 gemino
301 1415 422 1479 bellum
447 1413 622 1480 Troianum
646 1417 771 1481 orditur
794 1417 834 1480 ab
859 1439 934 1500 ovo3

67 1527 194 1586 semper
217 1505 257 1568 ad
280 1509 429 1569 eventum
452 1505 585 1568 festinat
608 1510 641 1569 et
662 1507 697 1568 in
719 1505 840 1570 medias
863 1527 914 1570 res

66 1616 131 1658 non
155 1615 245 1657 secus
268 1615 306 1657 ac
328 1598 422 1658 notas
446 1595 625 1659 auditorem
649 1595 735 1678 rapit
757 1600 790 1658 et
813 1617 894 1678 quae

67 1683 214 1766 desperat
238 1686 374 1746 tractata
395 1684 551 1748 nitescere
573 1706 678 1767 posse,
700 1684 855 1766 relinquit
1047 1709 1088 1748 uo

66 1775 164 1855 atque
187 1771 234 1836 ita
256 1773 420 1855 mentitur,
444 1773 489 1835 sic
511 1773 596 1837 veris
619 1773 701 1838 falsa
723 1775 880 1858 remisoet,

66 1862 173 1945 primo
196 1882 237 1924 ne
260 1861 411 1944 medium,
433 1861 539 1926 medio
561 1883 603 1926 ne
627 1861 787 1946 discrepet
810 1862 920 1926 imum.

65 1956 112 2034 tu,
136 1949 213 2033 quid
236 1971 297 2035 ego
321 1954 354 2014 et
376 1951 517 2033 populus
540 1972 666 2015 meeum
690 1951 857 2036 desideret,
881 1952 964 2016 audi.

66 2040 94 2103 si
117 2039 255 2122 plosoris
279 2061 354 2124 eges
378 2039 489 2103 aulaea
512 2039 671 2104 manentis
695 2045 728 2103 et
749 2061 852 2122 usque

67 2129 195 2212 sessuri,
219 2128 320 2193 donec
342 2133 455 2192 cantor
479 2130 548 2194 ‘vos
570 2129 726 2212 plaudite’
751 2129 849 2192 dieat:
1048 2155 1088 2194 ru>

67 2217 182 2281 aetatis
205 2218 360 2301 cuiusque
382 2217 516 2281 notandi
540 2221 616 2280 sunt
638 2218 699 2282 tibi
722 2239 837 2300 mores,

66 2305 306 2389 mobilibusque
330 2306 426 2371 decor
448 2307 572 2371 naturis
596 2307 719 2370 dandus
743 2310 775 2370 et
798 2307 898 2370 annis.

66 2395 198 2459 reddere
221 2395 277 2479 qui
300 2417 395 2460 voces
417 2396 482 2460 iam
506 2396 567 2460 scit
590 2418 671 2479 puer
692 2399 726 2458 et
748 2395 828 2478 pede
852 2399 939 2460 certo

67 2484 175 2570 signat
197 2484 342 2568 humum,
365 2485 464 2570 gestit
487 2485 618 2568 paribus
642 2485 814 2576 conludere
837 2489 869 2549 et
891 2485 972 2549 iram

138 2642 295 2712 &aas
363 2643 499 2714 cuno

140 2783 196 2837 136
216 2784 339 2852 cyclicus
357 2785 394 2855 Q
410 2784 460 2856 Q,
488 2784 595 2852 cyolius
615 2801 631 2842 ς
723 2784 778 2837 137
799 2784 921 2839 cantabo
940 2787 1023 2856 etQ
1039 2786 1086 2858 Q,

68 2856 198 2908 cantarat
216 2857 244 2910 B
317 2856 375 2910 139
394 2859 426 2911 ob
445 2873 525 2911 masc.
545 2872 607 2908 mus
627 2857 673 2910 Ps.
693 2856 774 2911 Prob.
793 2874 910 2926 prorum.
927 2858 977 2911 IV
995 2860 1048 2924 25,
1060 2863 1086 2924 7,

67 2928 101 2981 ob
119 2944 180 2979 mus
199 2928 231 2980 iu
248 2928 303 2994 fiac
321 2944 414 2982 versus
427 2926 501 2982 Seru.
513 2929 583 2982 Aeo.
598 2931 626 2993 8,
641 2931 687 2993 83,
706 2928 913 2982 absentantium
929 2929 1007 2983 Hier.
1023 2931 1085 2984 udo.

67 2999 157 3052 Iovia.
173 3003 198 3064 1,
214 3004 229 3051 1
244 2999 354 3069 (Meque
367 3002 413 3065 23,
426 3000 492 3068 211)
546 2998 706 3067 parturient
722 3000 759 3069 Q
771 2998 809 3069 Q
822 2999 879 3067 (Pa.
896 3000 977 3053 Prob.
992 3000 1087 3068 Sero),

68 3068 232 3138 parturiunt
251 3086 269 3128 ς
292 3071 392 3138 (Hier.)
483 3072 615 3123 nascetur
633 3101 667 3109 -
685 3087 748 3122 mus
765 3071 798 3124 ob
822 3071 975 3124 clausulam
993 3087 1086 3125 mouc-

66 3141 202 3210 syllabam
219 3141 312 3210 Quint.
326 3142 390 3195 lust.
407 3144 434 3206 8,
449 3145 474 3207 3,
488 3144 526 3195 20
577 3139 645 3195 141.
666 3138 722 3195 142
741 3143 837 3209 repetit
849 3143 896 3196 Ps.
912 3142 1018 3195 Aescu.
1032 3145 1087 3196 445

67 3212 138 3280 (cod.
151 3228 219 3267 saec.
236 3213 326 3280 XIV)
396 3210 451 3266 141
471 3213 600 3280 tempora
615 3213 652 3282 Q
665 3211 715 3283 Q,
734 3212 845 3265 moenia
860 3231 876 3271 ς
895 3213 952 3281 (Ps.
967 3214 1086 3282 Aescu.)

69 3281 125 3336 147
142 3284 258 3337 iocando
272 3284 355 3351 affert
363 3284 442 3338 Hier.
453 3285 529 3353 epist.
541 3288 584 3350 10,
593 3288 614 3337 2
623 3300 653 3351 p.
664 3288 726 3349 343,
739 3283 798 3338 ideo
812 3285 863 3338 dat
875 3282 913 3336 Et
926 3300 981 3352 pro
990 3283 1049 3338 Nec

69 3351 126 3408 154
139 3354 259 3423 plosoris
273 3355 309 3425 Q
322 3354 360 3426 Q
374 3356 488 3419 Blaud„
502 3355 567 3423 plus
582 3354 637 3408 oris
653 3358 684 3420 451
699 3353 838 3423 plausoris
853 3372 881 3420 ς;
899 3353 1040 3423 ‘plosoris’
1057 3357 1086 3409 et

70 3425 231 3494 ‘plausoris'
248 3425 353 3496 legitur
366 3427 446 3481 schol.
456 3430 483 3479 Γ
488 3428 514 3481 V
561 3426 616 3480 157
632 3425 741 3479 naturis
754 3426 789 3496 Q
801 3426 840 3497 Θ
852 3427 932 3480 schol.
947 3429 974 3479 Γ
982 3427 1013 3493 V,
1027 3442 1088 3480 ma-

68 3497 139 3550 turis
155 3515 171 3556 ς
227 3497 284 3551 158
301 3529 332 3537 -
348 3497 464 3551 humum
479 3499 511 3552 ob
526 3497 621 3568 signat
634 3499 714 3552 schol.
729 3497 795 3552 Stat.
815 3499 897 3552 Theb.
912 3502 938 3564 4,
952 3502 1008 3553 257
