2400 3968
387 184 389 190 -
421 142 475 201 DE‘
489 138 588 200 ARTE
606 141 769 202 POETIOA.

262 309 309 405 ,.’
370 310 445 427 nn
470 361 588 434 anon
611 361 807 428 ronnei.

86 560 238 625 Humano
263 560 361 645 capiti
385 560 540 624 cervicem
563 559 670 643 pictor
688 559 838 643 equinam

87 653 220 735 iungere
244 649 270 712 si
294 650 373 714 velit
396 654 429 713 et
451 650 556 712 varias
579 650 730 712 inducere
752 649 892 733 plumas,

87 739 231 821 undique
255 738 380 802 collatis
403 738 557 802 membris
581 743 618 801 ut
639 739 777 821 turpiter
799 742 905 802 atrum

88 829 213 892 desinat
236 827 269 889 in
293 828 421 910 piscem
436 827 551 890 mulier
573 826 716 891 formosa
739 848 891 909 superne:

88 921 267 1001 spectatum
291 916 420 979 admissi
443 915 543 979 risum
567 916 711 1000 teneatis,
735 917 851 980 amici?
1081 941 1092 981 a

88 1006 208 1070 credite
230 1006 375 1085 Pisonen,
398 1005 454 1069 isti
476 1003 606 1067 tabulae
628 1004 697 1069 fore
719 1005 839 1068 librum

87 1094 298 1179 persimilem,
322 1095 427 1176 cuius,
449 1093 538 1157 velut
561 1095 649 1178 aegri
673 1094 810 1176 somnia,
832 1114 933 1157 vanae

86 1184 251 1269 fingentur
274 1183 408 1266 species,
431 1185 469 1245 ut
491 1203 550 1245 neo
572 1203 629 1266 pes
652 1202 712 1246 nec
735 1186 831 1266 caput
854 1183 910 1246 uni

89 1273 241 1336 reddatur
264 1272 394 1336 formae.
442 1271 632 1355 ‘pictoribus
656 1275 752 1354 atque
775 1271 880 1355 poetis

89 1361 248 1444 quidlibet
271 1359 409 1423 audendi
432 1381 558 1443 semper
580 1360 644 1424 fuit
667 1381 769 1444 aequa
791 1361 956 1443 potestas?
1068 1387 1094 1427 ιο

90 1452 220 1534 scimuS,
231 1449 352 1513 ethanc
362 1450 490 1513 veniam
500 1449 703 1532 petimusque
714 1450 889 1532 damusque
898 1451 1054 1534 vicissim,

89 1539 234 1603 sednon
257 1546 295 1616 ut
315 1539 449 1622 placidis
475 1541 587 1602 coeant
610 1539 750 1620 inmitia,
773 1561 840 1603 non
862 1543 899 1602 ut

89 1632 219 1780 serpent
221 1649 254 1691 es
205 1627 389 1691 taribus
413 1628 630 1780 geminentur,
654 1628 793 1713 tigribus
817 1629 901 1712 agni.

88 1717 225 1800 inceptis
249 1717 402 1801 gravibus
425 1718 615 1799 plerumque
638 1720 671 1779 et
693 1739 810 1802 magna
832 1706 987 1800 professis

87 1828 283 1890 purpureus,
305 1805 370 1868 lete
395 1807 451 1888 qui
474 1805 655 1888 splendeat
677 1827 760 1869 unus
785 1809 817 1868 et
840 1806 886 1869 alt
872 1810 921 1869 ter
1069 1830 1094 1871 ιι

89 1895 237 1959 adsuitur
258 1917 398 1978 pennae,
422 1915 495 1958 cum
518 1894 609 1957 lucus
634 1897 666 1958 et
690 1917 744 1957 ara
766 1893 889 1959 Dianae

89 1989 123 2048 et
145 1983 349 2068 properantis
373 2005 475 2067 aquae
498 2005 555 2065 per
578 2004 730 2046 amoenos
754 1983 895 2047 ambitus
919 2004 1013 2068 agros
1105 1982 1107 1987 ’

89 2078 146 2137 aut
172 2074 293 2137 flumen
316 2072 465 2136 Rhenum
492 2076 549 2136 aut
575 2072 706 2155 pluvius
734 2071 926 2136 describitur
948 2094 1053 2157 arcus3

89 2163 144 2226 sed
168 2183 253 2226 nunc
271 2183 337 2225 non
356 2166 425 2225 erat
442 2162 494 2224 his
512 2161 611 2225 locus.
653 2166 685 2225 et
703 2160 838 2225 fortasse
858 2183 1043 2246 cupressum

128 2303 131 2308 ⁵
160 2355 317 2425 &ano
385 2303 575 2426 Θᾏιιςιμ
587 2353 708 2422 raiae)

160 2533 209 2586 DE
229 2531 326 2585 ARTE
344 2530 499 2586 POETIOA
573 2532 589 2584 1
612 2532 705 2602 Quint.
726 2532 789 2586 inst.
808 2536 835 2598 8,
853 2536 880 2598 3,
899 2537 935 2586 60
953 2535 1108 2587 monstrum

89 2603 174 2672 quale
202 2602 372 2657 Horatius
364 2621 394 2655 ιιι
416 2603 514 2672 prima
541 2606 622 2672 parte
593 2603 717 2656 tlibri
742 2602 777 2656 de
803 2605 864 2658 crte
889 2604 1000 2672 poetica
1025 2603 1108 2673 fingit

90 2676 276 2728 ‘humano—
286 2674 379 2728 velit’·
373 2680 432 2741 ,Lot
448 2675 548 2744 Symm
563 2676 676 2743 epiat.1,
690 2679 716 2741 4,
731 2678 748 2728 3
794 2673 906 2730 2omis.
922 2675 950 2728 B
995 2674 1107 2744 plumas

88 2748 125 2817 Q
140 2747 181 2817 Q
199 2748 316 2815 Perple,
334 2746 438 2799 formas
457 2747 583 2802 Bisciola
672 2743 691 2799 4
714 2745 816 2800 faciem
836 2745 932 2815 (siqf
953 2764 973 2799 s
990 2747 1026 2827 ob
1045 2748 1107 2801 ado.

89 2833 209 2899 superne
228 2819 310 2884 affert
327 2818 406 2871 schol
423 2818 531 2872 Ιιιιιαιι
546 2822 572 2884 9,
587 2821 640 2871 317
681 2816 831 2871 badmissi
844 2817 940 2900 QQ,
958 2816 1038 2870 miser
1030 2817 1110 2872 ΒΟ

89 2890 107 2943 o
126 2890 240 2957 pisones
259 2889 295 2959 Θ
312 2888 350 2959 Θ
368 2890 481 2956 Porpb,
503 2889 612 2957 pisonis
633 2892 656 2941 Φ
725 2889 753 2941 7
775 2889 853 2958 aegri
870 2889 907 2958 Q
924 2888 962 2960 Q
980 2890 1107 2959 (Bland.)

88 2963 170 3014 ouria
195 2961 272 3015 lectio
294 2962 326 3013 ιἰι
347 2961 427 3014 schol.
448 2961 513 3026 PV,
538 2960 630 3029 aegris
649 2960 734 3014 aBR
755 2961 836 3015 schol
856 2960 918 3013 PV
1000 2960 1017 3013 9
1043 2960 1107 3014 Veri.

88 3033 168 3096 Fert.
193 3049 275 3086 carm.
297 3036 327 3098 5,
352 3036 370 3084 6
393 3032 500 3099 praef.
505 3038 522 3086 7
546 3031 684 3098 letargico
710 3030 819 3084 dictum
844 3029 939 3084 Flacci
964 3030 1109 3084 Pindarici

87 3103 149 3172 pic
151 3103 313 3160 toribus-
331 3103 469 3171 potestes'
563 3102 601 3155 10
620 3100 766 3166 Quidlibet
783 3103 820 3182 Q
837 3101 887 3173 Q,
917 3100 1070 3165 Quodlibet
1088 3121 1108 3156 π

88 3176 187 3229 lemma
201 3175 312 3243 Porpb,
331 3172 476 3243 quaelibet
495 3174 636 3242 (Venerit.)
697 3173 732 3226 ll
751 3173 878 3228 ueniam:
898 3171 1066 3226 beneficium
1084 3180 1109 3228 et

90 3245 127 3299 13
138 3246 329 3314 geminentur
345 3245 512 3314 copulentur
519 3245 574 3316 frp
580 3245 649 3299 Bou.
654 3261 768 3315 gramm.
780 3245 841 3298 VII
848 3247 911 3310 542
918 3248 956 3299 25
994 3244 1030 3298 15
1040 3244 1108 3298 Pur

88 3334 246 3385 pureus-
265 3333 375 3385 pannus
394 3319 427 3372 ob
445 3318 606 3371 senteutiam
624 3315 696 3371 serv.
717 3317 786 3370 Aea
802 3320 845 3383 10,
864 3319 933 3383 653;
957 3316 994 3383 cf
1012 3316 1107 3372 sidon

88 3407 172 3444 carm
186 3392 225 3443 22
243 3389 319 3457 epist.
336 3394 354 3442 6
403 3388 440 3441 18
459 3389 492 3443 ob
510 3387 614 3441 flumen
627 3386 758 3441 Rhenum
775 3387 857 3453 affert
871 3388 972 3457 Porpb.
988 3405 1070 3442 earm.
1081 3392 1108 3454 4,

88 3466 115 3527 4,
134 3465 171 3514 38
244 3459 356 3528 pluvius
374 3461 411 3531 Q
428 3460 466 3531 Q
485 3460 616 3528 Psept(
617 3459 635 3512 ι’.
607 3459 735 3527 (schol
754 3459 834 3526 FO),
857 3457 958 3512 fluvius
979 3461 1002 3512 Φ
1021 3459 1107 3527 (codd.

89 3533 191 3601 Porpb
199 3530 245 3585 ad
262 3549 345 3586 carm
360 3536 387 3598 4,
406 3536 432 3598 4,
447 3535 493 3602 38)
566 3531 604 3584 19
624 3547 698 3583 nunc
716 3545 772 3582 non
791 3531 827 3600 Q
842 3529 892 3601 Q,
911 3547 968 3584 non
986 3545 1061 3583 nunc
1080 3531 1108 3584 B

894 3619 946 3672 20*
