2386 3974
114 220 179 284 228
529 218 634 272 SERM.
653 219 680 272 11
698 225 722 274 3.

44 410 50 427 ,
114 392 154 432 sss
170 366 302 430 auribus
325 369 422 448 atque
446 365 561 449 0011qu
585 368 735 448 mentem,
757 365 822 428 nisi
844 364 1021 451 litigiosus,

168 455 329 538 exciperet
343 455 501 538 dominus,
520 476 594 519 cum
607 455 767 518 venderet.
799 454 862 519 hoe
877 476 1007 540 quoque
1020 455 1122 541 volgus

168 543 368 628 Chrysippus
390 544 484 627 ponit
506 544 643 608 fecunda
666 544 700 608 in
723 547 819 629 gente
841 543 982 609 Meneni.
1006 581 1047 590 —

169 632 337 717 ‘Iuppiter,
359 633 500 718 ingentis
525 633 581 717 qui
605 633 660 697 das
684 633 862 717 adimisque
886 632 1037 720 dolores,'

166 727 270 786 mater
293 722 339 786 ait
361 723 454 806 pueri
476 723 596 787 mensis
619 723 683 786 iam
708 723 850 806 quinque
874 723 1034 808 cubantis,

113 837 153 877 roo
168 813 299 898 ‘frigida
322 813 350 875 si
372 833 508 896 puerum
533 816 690 895 quartana
711 811 887 896 reliquerit,
910 811 969 877 illo

165 923 259 965 mane
282 902 342 985 die,
366 923 429 985 quo
453 904 490 964 tu
514 901 629 967 indicis
653 903 781 985 ieiunia,
804 901 910 966 nudus

165 991 201 1054 in
223 991 333 1055 Tiberi
356 991 475 1055 stabis?
522 1012 614 1055 casus
637 991 820 1055 medicusve
844 990 960 1055 levarit

167 1102 298 1165 aegrum
322 1102 361 1144 ex
384 1079 566 1163 praecipiti:
589 1084 693 1144 mater
715 1080 817 1144 delira
838 1080 970 1145 necabit

165 1171 199 1233 in
222 1168 327 1255 gelida
350 1171 450 1233 fixum
472 1171 544 1253 ripa
566 1170 746 1254 febrimque
768 1169 908 1234 reducet.

112 1284 151 1324 aas
167 1280 272 1344 quone
296 1260 381 1323 malo
404 1262 545 1323 mentem
569 1259 746 1323 concussa?
790 1259 908 1323 timore
932 1259 1098 1326 deomm.''

211 1348 301 1413 ‘haec
329 1348 411 1412 mihi
435 1346 623 1432 Stertinius,
651 1349 831 1432 sapientum
856 1352 1002 1434 octavos,
1030 1350 1124 1414 amico

166 1459 254 1500 arma
278 1438 374 1521 dedit,
396 1437 532 1521 posthac
554 1459 595 1502 ne
618 1437 819 1522 conpellarer
841 1439 974 1503 inultus.

166 1527 282 1591 dixerit
306 1528 453 1591 insanum
478 1529 534 1611 qui
557 1550 618 1611 me,
640 1527 777 1591 totidem
801 1527 909 1592 audiet
933 1532 1032 1612 atque

161 1615 318 1699 respicere
341 1617 455 1702 ignoto
479 1617 580 1680 discet
603 1617 776 1700 pendentia
799 1616 912 1702 tergo?

111 1731 151 1771 roo
212 1704 340 1789 ‘Stoice
364 1709 438 1789 post
461 1706 613 1770 damnum
638 1707 685 1770 sic
706 1706 824 1771 vendas
849 1706 958 1770 omnia
981 1707 1092 1792 pluris,

165 1816 228 1877 qua
246 1817 297 1858 me
321 1795 470 1878 stultitia,
494 1796 646 1879 quoniam
669 1817 735 1860 non
758 1798 807 1859 cst
830 1817 931 1881 genus
954 1818 1067 1881 unum,

164 1884 303 1948 insanire
326 1886 443 1967 putas?
467 1906 527 1970 ego
550 1907 625 1948 nam
650 1885 759 1948 videor
782 1885 864 1949 mihi
888 1886 1006 1950 sanus?

109 2024 111 2030 ,
165 1973 263 2056 ‘quid
287 1977 384 2057 caput
407 1973 583 2040 abscissum
607 1974 737 2038 demens
761 1996 835 2038 cum
857 1978 967 2057 portat
987 1973 1100 2061 Agaue

164 2063 254 2148 gnati
276 2062 424 2146 infelicis,
449 2064 512 2127 sibi
534 2067 612 2127 tunc
635 2063 757 2127 furiosa
779 2064 939 2127 videtur?

110 2177 148 2217 sos
165 2152 312 2216 ‘stultum
336 2175 387 2216 me
409 2152 513 2216 fateor
537 2151 647 2240 (liceat
671 2153 843 2217 concedere
866 2149 966 2239 veris)

164 2245 261 2325 atque
284 2241 381 2306 etiam
405 2243 567 2326 insanum3
591 2245 717 2305 tantum
740 2241 803 2306 hoc
824 2242 971 2326 edissere,
996 2265 1128 2327 quomo

162 2335 329 2416 aegrotare
352 2334 445 2414 putes
469 2331 569 2395 animi
592 2331 692 2396 vitic'
741 2326 875 2414 ‘accipez
897 2332 1043 2414 primum

163 2421 320 2502 aedificas
343 2419 405 2484 hoc
428 2424 478 2484 est
500 2421 616 2506 longos
640 2421 786 2504 imitaris,
810 2421 849 2485 ab
873 2421 939 2484 imo

162 2510 202 2573 ad
226 2531 386 2574 summum
410 2513 499 2574 totus
524 2510 647 2574 moduli
669 2509 835 2593 bipedalis,
859 2513 891 2573 et
914 2509 1001 2574 idem

109 2624 150 2664 ero
164 2620 298 2682 corpore
322 2599 476 2663 maiorem
499 2599 583 2663 rides
607 2598 767 2662 Turbonis
791 2599 825 2662 in
849 2598 946 2663 armis

163 2688 314 2771 spiritum
339 2692 371 2751 et
393 2688 567 2753 incessum:
592 2688 647 2771 qui
670 2687 825 2752 ridiculus
849 2689 956 2770 minus
979 2688 1062 2755 illo?

163 2799 212 2861 an,
230 2777 453 2862 quodcumque
467 2778 546 2842 facit
558 2776 736 2860 Maecenas,
756 2781 787 2841 te
802 2799 929 2861 quoque
944 2799 1057 2843 verum
1073 2783 1129 2863 est,

180 2990 345 3060 <araon
415 2988 514 3060 cero

180 3185 238 3240 286
256 3184 359 3253 uulgus
377 3184 414 3254 Q
432 3186 543 3254 Porpb,
561 3184 648 3254 uulgo
667 3186 738 3253 (-um
752 3184 785 3253 2¹)
806 3188 829 3238 Φ
902 3185 959 3239 291
979 3185 1064 3242 Mane
1077 3187 1127 3260 Q,

108 3256 211 3328 Magne
234 3260 293 3327 (-no
308 3257 352 3323 E)
370 3256 406 3325 Q
497 3255 554 3309 292
576 3272 612 3310 us
630 3256 678 3326 Q,
707 3271 762 3322 que
783 3259 805 3309 Φ
896 3255 954 3309 294
973 3257 1074 3312 febrim
1096 3263 1128 3326 Φ,

108 3328 215 3382 febrem
232 3330 269 3400 Q
327 3326 385 3380 808
406 3325 560 3381 abscissum
576 3344 601 3394 ς,
620 3326 761 3381 abscisum
779 3327 866 3399 QQ
930 3328 1046 3384 demens
1065 3348 1127 3384 cum

107 3402 204 3469 portat
221 3401 258 3471 Q
275 3398 325 3470 Q,
349 3397 480 3451 manibus
503 3398 631 3467 portauit
650 3399 764 3465 Banu,
789 3399 920 3452 manibus
944 3417 1008 3454 cum
1031 3404 1128 3471 portat

110 3472 189 3527 Goth.
255 3469 312 3525 304
332 3472 399 3523 tunc
417 3470 461 3540 Q,
481 3471 541 3523 tum
562 3473 585 3523 Φ
655 3469 714 3523 elo
733 3501 766 3508 -
786 3470 917 3538 spiritum
935 3473 968 3525 ob
987 3471 1127 3528 Turbonis

108 3544 196 3598 Prisc.
212 3549 238 3610 6,
254 3548 333 3610 1612.
347 3543 412 3607 207,
426 3545 464 3595 20
483 3541 599 3609 (maiore
618 3540 694 3595 codd.
710 3542 861 3610 plerique);
879 3543 971 3597 eudem
990 3545 1023 3598 de
1041 3561 1127 3600 careo

108 3614 138 3668 Τ,
158 3614 188 3666 in
212 3615 297 3668 armis
320 3613 442 3680 afferunt
464 3613 537 3668 Sero.
557 3614 626 3667 Aea.
648 3617 663 3667 1
691 3615 727 3648 ⁹2
747 3611 819 3667 Ω4111.
838 3621 910 3669 auct.
930 3615 1000 3669 Aer.
1021 3619 1048 3682 7,
1071 3620 1127 3671 378
