2386 3974
457 241 562 298 sucu.
582 244 609 297 n
627 249 651 299 c.
672 249 695 298 r.
1019 230 1087 309 241'

65 410 145 477 ergo
168 388 224 453 ubi
247 412 407 475 purpurea
430 393 614 473 porrectum
638 391 673 454 in
695 394 784 454 veste
807 391 926 455 locavit

65 482 240 566 agrestem,
262 479 363 544 veluti
387 481 569 544 succinctus
593 480 727 545 cursitat
750 479 868 563 hospes

65 568 297 652 continuatque
321 569 418 653 dapes
441 590 588 633 necnon
611 568 778 634 verniliter
802 569 881 653 ipsis

63 657 215 744 fungitur
237 657 368 740 officiis,
391 658 613 742 praelambens
638 679 731 723 omne
756 660 843 742 quod
865 658 978 723 adfert.

64 746 121 811 ille
144 746 265 811 cubans
289 746 408 832 gaudet
430 751 554 811 mutata
577 752 664 812 sorte
687 747 845 832 bonisque
1047 774 1087 814 uc

64 837 161 900 rebus
185 836 254 921 agit
275 837 396 900 laetum
421 836 602 920 convivam,
626 858 698 900 cum
723 837 832 902 subito
856 836 969 922 ingens

63 925 230 991 valvarum
254 926 407 1010 strepitus
430 927 522 990 lectis
546 926 688 990 excussit
710 930 894 1008 utrumque.

64 1035 192 1079 currere
215 1035 273 1098 per
296 1018 401 1079 totum
424 1014 533 1098 pavidi
557 1014 706 1079 conclave
730 1016 897 1102 magisque

64 1104 227 1167 exanimes
250 1104 424 1188 trepidare,
448 1103 545 1169 simul
569 1104 682 1169 domus
707 1104 772 1168 alta
795 1103 947 1169 Molossis

62 1193 232 1276 personuit
255 1194 397 1258 canibus.
443 1197 514 1257 tum
537 1195 690 1258 rusticus:
715 1193 826 1257 “haud
849 1194 930 1258 mihi
952 1195 1020 1258 vita
1046 1219 1085 1260 ns

63 1286 113 1346 est
136 1303 216 1366 opus
240 1282 324 1347 hac''
349 1283 395 1347 ait
417 1287 450 1347 et
474 1282 616 1347 “valeas:
640 1305 691 1346 mc
715 1284 795 1347 silva
819 1305 978 1367 cavosque

62 1375 154 1436 tutus
178 1372 218 1435 ab
242 1372 368 1437 insidiis
392 1372 482 1436 tenui
505 1372 664 1436 solabitur
687 1373 815 1436 ervo.’''

537 1602 609 1668 VII.

63 1709 267 1775 ‘Iamdudum
290 1712 436 1775 ausculto
461 1715 493 1774 et
517 1711 649 1794 cupiens
671 1712 733 1775 tibi
757 1711 862 1777 dicere
886 1733 992 1776 servos

61 1822 166 1884 pauca
183 1800 379 1864 reformido?
423 1799 618 1864 ‘Davosne‘l'
663 1801 733 1884 ‘ita3
751 1800 869 1885 Dauos,
890 1802 1029 1865 amicum

61 1889 261 1973 mancipium
285 1888 416 1953 domino
441 1893 472 1953 et
495 1889 583 1975 frugi
607 1891 693 1973 quod
717 1891 760 1954 sit
780 1891 867 1974 satis,
890 1891 953 1955 hoo
973 1895 1030 1975 est,

61 1983 100 2043 ut
121 1977 221 2044 vitale
243 1978 359 2063 putes?
407 1979 490 2064 nge,
513 1979 663 2043 libertate
687 1979 860 2064 decembri,

62 2067 191 2152 quando
215 2068 261 2132 ita
284 2067 422 2132 maiores
445 2067 630 2152 voluerunt,
653 2072 757 2133 utere:
780 2069 894 2132 narra?
1070 2093 1082 2134 s

63 2158 150 2242 ‘pars
174 2157 343 2222 hominnm
365 2157 454 2223 vitiis
478 2157 597 2242 gaudet
620 2162 805 2222 constanter
829 2161 860 2221 et
883 2161 977 2242 urget

60 2246 280 2331 propositum3
299 2269 373 2329 pars
392 2248 495 2310 multa
514 2250 613 2331 natat,
631 2248 727 2311 modo
747 2251 835 2311 recta
849 2269 1029 2331 capesseus,

61 2336 224 2400 interdum
247 2336 355 2419 pravis
379 2336 527 2401 obnoxia.
574 2358 668 2420 saepe
691 2340 822 2401 notatus

63 2447 136 2489 cum
160 2425 263 2489 tribus
287 2424 413 2508 anellis,
438 2426 534 2490 modo
557 2427 649 2490 laeva
671 2425 801 2490 Priscus
826 2425 914 2489 inani

61 2515 144 2577 vixit
167 2514 358 2598 inaequalis,
381 2513 507 2579 clavom
529 2519 566 2579 ut
589 2519 729 2579 mutaret
752 2514 785 2578 in
809 2515 921 2598 horas,
1057 2541 1082 2580 ιο

61 2603 194 2668 aedibus
219 2625 258 2667 ex
281 2605 407 2688 magnis
431 2604 538 2669 subito
563 2626 596 2668 se
620 2606 769 2669 conderet
792 2604 877 2668 unde

61 2692 213 2757 mundior
236 2693 337 2757 exiret
361 2694 415 2756 vix
438 2694 607 2757 libertinus
632 2695 779 2778 honeste3

61 2783 125 2846 iam
149 2782 302 2846 moechus
326 2781 462 2867 Romae,
486 2782 550 2846 iem
573 2783 685 2847 mallet
709 2784 821 2847 doetus
845 2781 982 2847 Athenis

60 2872 182 2956 vivere,
205 2871 407 2956 Vertumnis
431 2876 592 2956 quotquot
614 2877 703 2956 sunt,
725 2876 821 2937 natus
845 2873 973 2954 iniquis.

130 3011 258 3082 (DeaE
326 3011 425 3084 ΘιΦ

132 3136 190 3190 106
209 3135 259 3190 ubi
276 3136 340 3206 oez,
359 3138 434 3191 omis.
450 3136 498 3189 Fi
571 3135 628 3190 108
647 3135 795 3190 uerniliter
808 3137 844 3206 (D
857 3136 907 3207 (ID,
926 3135 1080 3190 uernaliter

59 3207 163 3277 (ucral-
181 3210 205 3277 t)
225 3209 255 3261 tl
326 3207 397 3276 ipsis
415 3207 514 3279 (MD,
534 3206 595 3276 ipse
610 3208 766 3262 Lambinus
839 3207 895 3262 lue
915 3206 997 3260 affert
1016 3209 1079 3278 ΘΙ,

60 3279 208 3422 afflathFll
223 3352 388 3406 continuant
401 3352 496 3420 priori
514 3353 634 3405 sermoni
647 3351 677 3404 F
689 3349 844 3419 (Blocd.?),
864 3351 936 3418 qaod
950 3351 1080 3420 probavit

59 3423 186 3492 Bentley,
201 3423 331 3476 dividunt
343 3422 417 3492 &tt
431 3422 532 3490 Pcrpb.
584 3420 601 3474 3
622 3422 695 3489 quod
708 3421 798 3503 (pr,
818 3421 912 3489 quoad
927 3438 943 3480 ς
993 3419 1011 3474 4
1027 3437 1079 3491 age

59 3525 93 3533 -
113 3493 256 3546 decembri
275 3495 308 3549 ob
325 3511 382 3548 rem
401 3494 482 3560 offert
498 3494 579 3547 schol.
590 3496 616 3545 Γ
628 3494 665 3548 cd
679 3511 702 3548 c.
714 3498 750 3547 40
825 3493 838 3546 7
861 3509 1008 3561 capessens
1023 3494 1078 3558 Fi,

59 3581 211 3634 capescens
234 3566 285 3635 &l
375 3563 413 3617 18
438 3565 537 3619 doctus
560 3565 623 3634 Θῑ,
652 3564 749 3618 doctor
774 3564 812 3636 Θ
830 3565 936 3619 Bland.
956 3565 1037 3619 schol„
1058 3569 1081 3616 Γ

60 3634 97 3690 14
117 3638 151 3691 ob
170 3638 309 3704 quotquot
326 3637 414 3692 Probe.
435 3640 479 3705 17,
499 3640 534 3692 45
555 3654 584 3707 p.
601 3640 666 3706 135,
686 3641 719 3694 19

104 3735 240 3784 nomme,
256 3736 290 3777 ee.
302 3737 441 3779 vonmer.
462 3739 507 3781 nc.
518 3741 602 3781 maror.
911 3730 951 3779 lb
