2386 3974
466 109 575 164 CARM.
594 110 607 162 I
625 116 650 164 6.
671 115 694 164 7.

170 278 226 322 nos
250 257 412 338 convivia,
434 277 494 320 nos
516 254 640 339 proelia
661 255 824 341 virginum

50 344 54 349 ’
171 346 264 410 sectis
288 345 322 409 in
345 345 476 409 iuvenes
498 343 662 430 unguibus
685 344 806 409 acrium

169 440 346 516 cantamus,
369 434 461 499 vacui
484 433 552 498 sive
576 433 654 516 quid
676 434 810 517 urimur,

204 546 271 589 non
294 527 422 607 praeter
444 523 577 587 solitum
599 523 695 586 leves,

501 667 661 674 —a-—a-—n-

544 752 617 818 VH.

26 920 33 929 .
82 855 265 927 laudabunt
289 861 345 926 alii
368 860 487 926 claram
509 858 649 924 Rhodon
672 864 729 924 aut
750 859 821 944 Myt
807 859 928 924 tilenen

121 955 173 1016 aut
195 951 349 1036 Epheson
372 950 545 1014 bimarisve
569 947 718 1014 Corinthi

81 1041 199 1105 moenia
220 1041 274 1105 vel
295 1038 423 1104 Baccho
447 1039 574 1103 Thebas
596 1039 647 1102 vel
670 1037 823 1122 Apolline
845 1037 991 1135 Delphos
1088 1072 1091 1078 ·

117 1130 253 1216 insignis
277 1133 334 1193 aut
356 1128 511 1193 Thessala
533 1127 665 1213 Tempe3

10 1280 14 1289 ·
53 1258 148 1318 xsunt
166 1240 284 1338 quibus
303 1275 404 1317 unum
423 1274 504 1337 opus
523 1256 580 1336 est,
603 1252 742 1316 intactae
761 1251 903 1316 Palladis
921 1253 1034 1316 urbem
1062 1279 1074 1317 5

116 1343 256 1407 carmine
279 1346 434 1427 perpetuo
459 1341 618 1406 celebrare
642 1344 674 1405 et

74 1432 212 1517 undique
236 1433 420 1515 decerptam
441 1431 543 1496 fronti
565 1452 761 1515 praeponere
785 1431 918 1516 olivam3

114 1522 275 1606 plurimus
298 1521 332 1584 in
354 1519 488 1586 Iunonis
512 1519 667 1584 honorem

72 1650 182 1730 aptum
206 1647 292 1710 dicet
314 1645 405 1730 equis
428 1644 535 1730 Argos
559 1643 699 1728 ditisque
723 1642 887 1728 Mycenas:

115 1757 165 1799 me
188 1756 248 1799 nec
270 1738 338 1799 tam
360 1735 487 1819 patiens
510 1733 728 1798 Lacedaemon

69 1846 128 1888 nec
151 1828 219 1888 tam
242 1823 372 1888 Larisae
395 1826 555 1907 percussit
578 1844 708 1907 campus
733 1823 858 1907 opimae

115 1936 212 1996 quam
237 1913 351 1978 domus
374 1912 540 1977 Albuneae
563 1912 744 1977 resonantis

67 2041 100 2101 et
124 2058 277 2122 praeceps
300 2036 385 2102 Anio
409 2059 446 2101 ac
469 2037 605 2101 Tiburni
627 2035 719 2101 lucus
743 2040 776 2101 et
798 2037 862 2100 uda

113 2124 291 2190 mobilibus
314 2127 459 2210 pomaria
482 2126 568 2190 rivis.
660 2152 662 2155 ’

10 2238 12 2243 ’
66 2214 163 2280 albus
186 2219 224 2279 ut
247 2216 383 2280 obscuro
408 2216 552 2302 deterget
573 2215 685 2278 nubila
708 2214 796 2280 caelo
1062 2242 1086 2281 15

114 2326 210 2389 saepe
233 2303 340 2368 Notus
363 2327 466 2387 neque
489 2304 629 2389 parturit
651 2304 765 2368 imbris

140 2445 313 2514 &Anu
381 2445 517 2516 555155
564 2418 565 2422 ’

142 2569 179 2622 17
199 2586 249 2622 nos
272 2569 380 2638 proelia
398 2600 432 2609 -
451 2570 558 2623 acrium
579 2571 612 2624 55
634 2570 782 2640 5555555555
801 2571 882 2625 codol.
901 2572 963 2626 5555.
983 2576 1010 2638 6,
1030 2575 1087 2626 366

68 2640 109 2694 155
128 2641 165 2706 cf.
186 2641 299 2707 57555555,
316 2642 375 2694 iad
390 2641 446 2695 5555
462 2642 553 2696 155555
568 2645 654 2708 1886,
672 2646 690 2694 4

145 2711 174 2782 7,
189 2711 370 2765 ssbimarisvc
385 2742 419 2752 -
433 2713 544 2766 moenia
558 2715 591 2767 ob
606 2730 662 2766 5555
676 2714 778 2782 allepct
790 2713 870 2767 55555
881 2713 913 2768 85
902 2720 951 2767 tat
966 2715 1049 2768 Theb.
1059 2719 1087 2781 1,
1125 2727 1128 2732 ’

65 2786 131 2838 335
143 2787 171 2848 7,
180 2785 251 2849 420,
263 2785 322 2838 cuis
335 2785 392 2852 ipse
406 2782 553 2838 55555555
541 2785 658 2838 55555555
647 2785 740 2838 Arc
729 2791 772 2838 55
786 2791 837 2838 555
820 2789 939 2851 52,507
979 2785 1086 2840 65555-

65 2854 149 2908 brarc
165 2857 214 2922 551
229 2825 305 2907 llndi
307 2871 360 2923 que
375 2855 411 2925 Θ
423 2855 462 2926 Θ
474 2856 555 2910 55555
565 2857 630 2921 ΑΓ,
650 2871 681 2908 55
682 2855 791 2908 labrare
808 2856 811 2926 5
828 2856 952 2924 Indeque
962 2858 1086 2912 Bouhier

69 2925 84 2979 7
97 2925 250 2994 decerptae
259 2925 353 2979 frondi
361 2927 498 2980 5555555555
543 2896 744 2998 5155515ΘΘ,
752 2926 876 2980 5555550
920 2926 937 2980 8
952 2928 1086 2981 honorem

65 2997 103 3068 Θ
119 2996 161 3069 Θ
179 2997 259 3051 55555.
274 2999 344 3064 ΑΓ,
370 2997 476 3051 honore
497 2997 662 3066 Oudendorp
752 2998 822 3053 955
841 2999 932 3068 Argos
956 3007 1085 3054 5555555555

65 3069 141 3124 8555.
157 3069 227 3122 Aen.
243 3075 268 3135 1,
285 3073 330 3122 25
350 3074 394 3135 11,
411 3073 476 3135 246,
494 3070 529 3135 55
543 3070 623 3123 5555
638 3069 854 3136 8555Τ555.4
874 3075 928 3124 672
1009 3071 1086 3124 dicet

68 3141 137 3207 ab,
157 3139 228 3192 dicit
242 3140 336 3194 AER
355 3141 481 3206 (55555555
497 3140 588 3195 Seruii
604 3141 681 3195 codd.
696 3142 826 3196 ambobus
844 3111 920 3209 locis)
995 3142 1033 3196 10
1051 3144 1084 3197 55

65 3227 122 3266 rem
141 3211 223 3266 55555.
237 3211 306 3265 Stat.
324 3212 403 3265 17555.
417 3216 444 3278 8,
463 3215 518 3264 432
589 3211 635 3265 Μ5
653 3227 705 3264 nec
723 3213 759 3282 Θ
776 3213 827 3284 Θ,
850 3212 910 3265 Nec
927 3229 973 3266 me
992 3215 1083 3281 (schol.

66 3281 150 3350 star.)
225 3281 262 3335 18
286 3284 320 3337 55
342 3283 414 3336 Anio
437 3284 517 3337 55555
534 3283 623 3337 Prisc.
643 3288 670 3349 6,
688 3289 724 3337 16
738 3301 769 3352 p.
784 3288 886 3350 20159
958 3284 995 3338 15
1019 3286 1085 3340 iude

66 3353 100 3408 55
118 3355 170 3408 doc
187 3369 269 3407 55555
286 3371 386 3408 acuum
405 3371 514 3408 5555555
535 3353 685 3409 5555555555
704 3356 775 3413 Ao,
797 3373 855 3409 5555
873 3357 937 3409 55555
955 3358 1018 3411 ER
1035 3374 1084 3411 5555

68 3427 186 3480 marici:
212 3425 294 3478 ‘hanc
311 3426 381 3480 55555
399 3427 512 3494 quidam
529 3432 635 3494 putarit
658 3427 744 3480 555555
767 3443 833 3493 5555,
856 3428 904 3480 sed
922 3429 1015 3480 5555555
1033 3430 1081 3482 555’

68 3495 228 3566 PaPorpb.
282 3495 394 3550 15-15
412 3500 563 3566 perpetuos
581 3499 614 3551 55
632 3514 687 3551 rem
706 3499 798 3564 adfert
810 3498 883 3552 8555.
893 3515 982 3568 95555.
994 3505 1018 3565 1,
1028 3504 1083 3553 460

119 3597 263 3646 Homerus,
279 3595 314 3635 ed.
324 3595 454 3637 Vollmer.
477 3597 519 3636 Ed,
530 3598 611 3640 maior.
910 3593 931 3640 ‘h
