2400 3968
87 231 154 296 294
494 230 603 285 EPIST.
622 231 648 285 Π
668 237 691 284 1·.

90 424 93 434 .
141 381 271 460 torquet
299 378 338 441 ab
368 378 534 442 obscaenis
562 376 627 440 iam
654 398 740 442 nunc
764 377 969 447 sermonibus
991 396 1092 466 aurem,
1139 384 1142 395 ‘

141 488 217 530 mox
241 466 338 530 etiam
361 470 473 550 pectus
496 467 676 550 praeceptis
698 467 821 531 format
845 466 984 554 amicis,
1032 495 1056 557 1·

142 556 326 639 asperitatis
349 560 381 619 et
404 555 544 619 invidiae
568 559 730 620 corrector
754 559 787 619 et
809 555 892 637 irae;

88 669 127 710 no
142 648 226 709 recte
250 645 336 709 facta
358 646 471 729 refert,
495 645 631 709 orientia
654 648 802 727 tempora
824 647 914 709 notis

141 734 275 797 instruit
298 735 467 818 exemplis,
491 734 620 817 inopem
644 735 767 798 solatur
790 737 823 797 et
846 755 990 820 aegmn

121 823 239 888 'castis
263 845 334 887 cum
357 824 467 906 pueris
491 823 604 908 ignara
625 821 735 905 puella
756 823 867 886 mariti

143 911 281 976 disceret
303 913 388 975 unde
411 933 533 995 praeca,
556 916 663 975 vatem
686 911 721 975 ni
744 911 838 975 Musa
862 911 1026 977 dedisset?

142 1001 247 1084 poscit
271 1023 364 1084 opem
389 1001 506 1065 chorus
530 1004 562 1063 et
585 1001 767 1084 praesentia
789 1001 929 1065 numina
953 1001 1062 1081 sentit,

90 1116 128 1156 ns
144 1091 290 1155 caelestis
314 1089 455 1173 inploret
479 1111 579 1172 aquas
603 1091 698 1154 docta
720 1111 815 1173 prece
838 1089 994 1172 blandus,
1045 1089 1048 1099 ’

142 1179 259 1243 avertit
282 1180 430 1262 morbos,
452 1178 623 1243 metuenda
646 1179 790 1261 pericula
812 1179 922 1262 pellit,
999 1239 1002 1244 .

143 1268 285 1351 inpetrat
309 1272 341 1331 et
364 1289 475 1351 pacem
500 1272 532 1331 et
555 1268 750 1350 locupletem
772 1268 926 1354 frugibus
950 1289 1075 1332 annum:

148 1359 289 1421 carmine
313 1357 345 1419 di
371 1357 479 1440 superi
502 1356 685 1441 placantur,
708 1357 851 1421 carmine
872 1357 996 1420 Manes.

143 1446 302 1532 agricolae
325 1446 438 1530 prisci,
461 1446 562 1510 fortes
585 1467 749 1529 parvoque
772 1445 872 1530 beati,
972 1495 975 1500 .

90 1536 273 1601 recondita
296 1540 372 1619 post
394 1536 557 1599 frumenta
579 1537 722 1599 levantes
746 1538 892 1617 tempore
915 1536 1002 1599 festo

144 1646 260 1707 corpus
284 1628 316 1687 et
339 1625 445 1707 ipsum
469 1624 613 1688 animum
637 1645 694 1707 spe
716 1624 791 1687 finis
815 1624 896 1688 dura
919 1624 1072 1688 ferentem

143 1735 216 1777 cum
240 1714 335 1777 sociis
360 1735 492 1796 operum
517 1717 549 1777 et
571 1714 681 1797 pueris
704 1717 737 1776 et
761 1713 898 1797 coniuge
922 1713 990 1776 fida
1049 1756 1052 1761 -
1093 1730 1096 1735 ’

143 1802 304 1866 Tellurem
326 1825 438 1887 porco,
462 1801 628 1866 Silvanum
650 1802 734 1866 lacte
757 1801 906 1884 piabant,

143 1891 278 1956 floribus
303 1896 334 1954 et
357 1891 433 1955 vino
459 1890 596 1956 Genium
619 1912 794 1955 memorem
817 1891 928 1956 brevis
951 1891 1033 1955 aevi.

91 2007 129 2047 ns
144 1980 341 2045 Fescennina
363 2003 420 2063 per
442 1981 529 2045 hunc
551 1981 683 2045 inventa
705 1979 837 2045 licentia
859 2001 984 2044 morem
1066 2006 1070 2010 ·

143 2070 290 2134 versibus
315 2070 446 2134 alternis
471 2069 645 2153 opprobria
667 2069 788 2133 rustica
810 2069 897 2132 fudit

94 2196 96 2201 ·
142 2159 341 2243 libertasque
365 2158 557 2222 recurrentis
581 2162 712 2242 accepta
734 2181 793 2241 per
815 2179 918 2222 annos

144 2248 223 2312 lusit
247 2247 436 2333 amabiliter,
460 2248 561 2313 donec
583 2248 648 2311 iam
673 2269 784 2313 saevos
808 2249 952 2330 apertam

145 2339 179 2400 in
203 2337 325 2401 rabiem
350 2338 458 2420 coepit
479 2337 563 2400 verti
588 2337 678 2402 iocus
701 2340 734 2400 et
758 2358 816 2420 per
838 2336 995 2400 honestas
1048 2368 1052 2374 ·
1096 2370 1098 2373 ·

92 2453 131 2491 rso
145 2427 191 2489 ire
215 2428 326 2491 domos
350 2428 470 2510 inpune
493 2428 610 2491 minax.
658 2425 788 2489 doluere
812 2429 947 2490 cruento

145 2516 240 2579 dente
263 2515 417 2598 lacessiti,
441 2515 505 2579 fuit
528 2515 658 2578 intactis
684 2536 812 2598 quoque
835 2535 911 2578 cura

146 2604 333 2669 condicione
357 2627 453 2687 super
477 2604 652 2686 communi,
678 2603 758 2687 quin
780 2604 877 2667 etiam
899 2605 955 2666 lex
1056 2628 1059 2652 1

144 2715 312 2777 poenaque
335 2696 411 2776 lata,
435 2695 520 2757 malo
541 2715 622 2776 quae
640 2694 743 2757 nollet
761 2693 900 2756 carmine
921 2712 1110 2776 quemquam

146 2782 297 2846 describi:
321 2788 446 2847 vertere
469 2783 601 2847 modum
624 2781 795 2846 formidine
818 2781 916 2844 fustis

94 2897 132 2938 155
148 2873 187 2935 ad
211 2872 292 2935 bene
317 2871 487 2936 dicendum
511 2871 799 2954 delectandumque
822 2870 954 2934 redacti.
1039 2918 1042 2926 .

165 3048 291 3118 &aa
361 3046 528 3118 nnncw

166 3190 221 3244 127
251 3190 393 3243 obscenis:
422 3189 531 3244 vitiosis
559 3190 612 3260 frp.
638 3191 707 3246 Bob.
733 3205 846 3260 prusam.
872 3189 935 3241 VII
954 3192 1023 3254 544,
1046 3190 1100 3242 32³

94 3262 338 3332 reserandus&
393 3260 540 3327 ,blandos
555 3280 592 3324 ας
647 3258 706 3314 141)
720 3259 847 3314 lauantes
860 3259 961 3331 QQ,
981 3259 1113 3313 subantes

92 3336 127 3388 L.
148 3334 254 3388 Muller
328 3331 365 3386 14
413 3334 443 3386 et
470 3332 564 3400 pueris
583 3333 701 3398 Eril,
728 3331 822 3400 pueris
849 3333 910 3399 (cru.
931 3333 971 3404 et)
1000 3331 1100 3385 aRrr'

94 3404 151 3459 143
173 3405 279 3473 ‘porco'
301 3422 350 3473 pro
372 3405 477 3471 ‘porca’
499 3405 601 3472 Porpb.
673 3402 730 3457 145
749 3401 936 3456 Fescennina:
957 3402 1114 3456 conviciosa

92 3479 145 3546 frp.
167 3478 235 3531 Bob.
256 3493 369 3547 prauam.
392 3476 454 3530 VII
469 3479 530 3541 544,
549 3479 587 3529 29
667 3474 784 3529 inuenta
802 3475 839 3544 Q
855 3473 894 3544 Q
912 3474 1052 3541 (Pergin),
1075 3472 1113 3524 in·

92 3550 176 3601 uecta
190 3548 337 3602 Poliaiuac
405 3544 461 3600 147
479 3545 689 3599 -amabiliter
708 3547 741 3601 cb
759 3562 815 3600 rem
829 3545 902 3600 Serv.
917 3561 1007 3615 pecrp.
1024 3548 1050 3611 2,
1065 3545 1114 3597 385

95 3617 153 3672 149
168 3618 263 3686 coepit
276 3618 351 3671 uerti
365 3619 402 3688 Q
414 3618 465 3690 Q,
483 3618 556 3670 uerti
571 3616 665 3686 coepit
679 3617 742 3671 Fu
780 3615 850 3670 >153
864 3616 923 3669 lata
936 3616 985 3686 Q,
1000 3619 1068 3670 nata·
1080 3613 1115 3686 Q

98 3888 196 3920 A
