2400 3968
87 214 153 279 266
498 213 609 268 EPIST.
627 213 642 268 1
659 218 685 268 u.

99 386 124 426 cs
139 360 216 424 vilia
240 359 430 424 vendentem
453 359 600 423 tunicato
624 364 732 425 scruta
754 358 888 444 popello

140 452 277 532 occupat
299 453 332 512 et
355 448 477 513 salvere
500 448 591 513 iubet
612 448 716 533 prior3
738 448 795 512 ille
816 447 974 532 Philippo

139 560 290 602 excusare
312 539 458 602 laborem
481 541 514 601 et
536 537 753 602 mercennaria
776 537 898 620 vincla,

139 628 225 710 quod
248 649 314 692 non
336 648 429 690 mane
453 627 584 691 domum
605 626 756 711 venisset⁷
778 627 918 710 denique
937 627 1022 710 quod
1037 647 1088 689 non

138 717 333 800 providisset
356 738 436 780 eum.
484 717 543 779 ‘sic
566 715 729 801 ignovisse
751 719 869 800 putato
1133 782 1135 805 Ι

99 832 124 872 ro
138 828 188 869 me
216 804 291 887 tibi,
318 806 347 869 si
369 827 463 870 cenas
486 804 582 870 hodie
605 803 750 868 mecum?
798 805 847 869 ‘nt
869 803 973 868 libet?
1017 806 1089 889 ‘ergo

138 898 213 977 post
236 915 353 958 nonam
375 894 498 976 venies3
520 914 607 958 nunc
629 894 654 976 i,
677 915 744 957 rem
768 897 919 958 strenuos
943 895 1041 978 auge?

138 987 176 1047 ut
198 987 330 1046 ventum
353 982 393 1046 ad
416 1004 528 1047 cenam
552 986 613 1063 est,
637 982 770 1047 dicenda
792 983 931 1046 tacenda
954 983 1072 1047 locutus

139 1072 268 1136 tandem
291 1073 467 1136 dormitum
489 1071 672 1135 dimittitur.
716 1071 770 1135 hic
792 1071 851 1135 ubi
875 1093 972 1155 saepe

140 1161 302 1226 occultum
324 1161 413 1225 visus
437 1161 604 1225 decurrere
626 1159 725 1245 piscis
747 1160 789 1224 ad
810 1159 960 1244 hamum,

99 1275 125 1316 τε
139 1272 232 1314 manc
254 1250 354 1314 cliens
377 1253 409 1314 et
432 1251 496 1314 iam
519 1254 626 1314 certus
650 1251 798 1333 conviva,
820 1249 955 1314 iubetur

139 1361 214 1403 rura
237 1339 422 1403 suburbana
443 1339 574 1404 indictis
597 1359 705 1404 comes
728 1339 775 1402 ire
797 1338 935 1403 Latinis.

139 1428 300 1511 inpositus
322 1429 447 1491 mannis
471 1450 581 1493 arvom
605 1427 792 1511 caelumque
816 1424 976 1492 Sabinum

139 1540 203 1582 non
228 1520 330 1581 cessat
353 1517 492 1580 laudare.
537 1517 626 1581 videt
648 1517 796 1600 ridetque
818 1516 1008 1601 Philippus,

140 1611 172 1670 et
195 1606 258 1670 sibi
281 1606 357 1669 dum
380 1607 537 1688 requiem,
560 1607 637 1669 dum
660 1607 745 1670 risus
767 1606 912 1688 undique
937 1607 1070 1689 quaerit,

98 1722 125 1761 so
141 1696 216 1758 dum
240 1698 361 1778 septem
386 1695 484 1760 donat
507 1696 665 1776 sestertia,
689 1698 803 1758 mutua
824 1699 951 1778 septem

141 1783 318 1868 promittit,
340 1783 512 1866 persuadet
533 1785 582 1848 uti
604 1787 764 1848 mercetur
785 1783 938 1869 agellum.

140 1876 308 1937 mercatur.
353 1895 394 1936 ne
416 1877 450 1936 te
472 1872 579 1958 longis
602 1871 793 1958 ambagibus
815 1874 904 1936 ultra

142 1984 238 2046 quam
261 1963 339 2026 satis
363 1965 412 2026 est
435 1983 553 2026 morer:
577 1985 616 2026 cx
638 1962 742 2026 nitido
766 1962 804 2025 fit
826 1962 971 2026 rusticus
994 1966 1087 2045 atque

140 2052 247 2116 sulcos
271 2055 304 2115 et
325 2052 435 2115 vineta
458 2055 567 2134 crepat
589 2073 690 2136 mera,
712 2053 883 2134 praeparat
907 2052 1029 2135 ulmos,

98 2166 124 2207 ss
140 2141 314 2205 inmoritur
337 2139 451 2205 studiis
475 2144 507 2204 et
530 2161 637 2206 amore
661 2141 798 2205 senescit
819 2139 973 2203 habendi.

140 2252 251 2293 verum
275 2229 331 2293 ubi
355 2251 429 2293 oves
452 2229 555 2311 furto,
577 2230 690 2293 morbo
714 2230 837 2313 periere
860 2229 1020 2312 capellae,

140 2341 230 2402 spem
253 2320 389 2382 mentita
413 2339 516 2403 seges,
538 2318 599 2381 bos
622 2325 671 2381 est
694 2321 826 2381 enectus
849 2319 986 2382 arando:

141 2408 281 2472 offensus
304 2407 428 2470 damnis
451 2406 556 2470 media
579 2406 618 2470 de
640 2411 735 2471 nocte
758 2405 920 2471 caballum

140 2496 255 2580 arripit
278 2498 443 2579 iratusque
465 2495 610 2579 Philippi
633 2495 739 2560 tendit
760 2495 801 2559 ad
824 2495 921 2559 aedis.

99 2612 125 2651 so
141 2608 234 2669 quem
251 2585 348 2649 simul
362 2585 508 2667 adspexit
523 2584 669 2648 scabrum
683 2585 914 2668 intonsumque
925 2585 1106 2670 Philippus,

142 2675 274 2756 ‘durus',
297 2674 356 2756 ait,
380 2673 515 2756 ‘Voltei,
537 2674 634 2737 nimis
658 2676 866 2757 attentusque
889 2673 1012 2737 videris

140 2785 208 2828 esse
231 2763 332 2826 mihi?
379 2761 458 2846 pol,
480 2784 532 2826 me
554 2764 719 2843 miserum,
743 2765 892 2846 patrone,
913 2784 1062 2845 vocares,

141 2854 169 2916 si
191 2852 302 2916 velles’
327 2853 434 2934 inquit
459 2854 580 2916 ‘verum
603 2851 683 2916 mihi
705 2873 824 2935 ponere
846 2873 976 2916 nomen.

141 2941 226 3025 quod
250 2945 282 3004 te
305 2962 362 3024 per
387 2939 523 3005 Genium
547 2940 754 3023 dextramque
779 2941 919 3023 deosque
943 2939 1077 3005 Penatis

156 3099 290 3170 &Aa
359 3097 497 3169 cunc>

159 3242 197 3296 69
226 3240 401 3294 Prouidisset
427 3241 464 3310 Q
486 3239 524 3311 Q
549 3240 689 3309 (Blaesi),
716 3239 911 3294 Praeuidisset
934 3256 965 3306 ς;
998 3241 1030 3293 in
1056 3240 1108 3294 alio

87 3313 298 3382 ‘praeuidisset’
323 3312 429 3381 legitur
450 3312 532 3366 schol.
555 3310 612 3364 PV
695 3311 732 3364 73
755 3311 803 3365 hic
820 3312 869 3382 Q,
898 3312 976 3366 omis.
995 3311 1035 3384 Q
1058 3314 1108 3377 (est

86 3387 321 3453 interpolaverunt
338 3385 392 3452 tl),
414 3383 517 3441 hince
590 3381 627 3435 82
650 3398 686 3435 ne
707 3384 736 3435 te
754 3384 791 3454 Q
810 3383 893 3449 Fre,
921 3386 1023 3436 necte
1043 3385 1107 3438 er

122 3455 290 3524 ambagibus
313 3455 349 3524 Q
366 3454 417 3525 Q,
446 3453 606 3522 ambigibus
629 3455 671 3517 A,
699 3454 850 3524 ambiguus
874 3454 929 3508 Ru
1016 3453 1053 3508 87
1078 3455 1106 3509 ob

87 3529 201 3581 enectus
221 3528 308 3580 Prisc.
324 3532 351 3592 9,
365 3530 400 3579 34
414 3542 445 3593 p.
460 3529 523 3592 470,
538 3530 574 3578 16
664 3525 700 3579 91
728 3527 761 3580 ob
783 3543 838 3580 voc.
862 3526 894 3578 io
917 3524 957 3578 -ei
977 3526 1068 3582 Prisc.
1084 3529 1107 3589 7,

86 3602 125 3652 22
139 3615 170 3666 p.
185 3601 279 3663 305‚3
352 3597 391 3650 93
409 3612 513 3665 ponere
531 3597 568 3666 Q
586 3596 706 3664 Bland,
729 3597 822 3652 dicere
842 3599 900 3653 Ro
