2386 3974
503 214 607 269 EPOD.
627 221 652 270 8.
672 220 696 269 9.

554 359 643 425 VIII.

223 466 351 568 Rogare
373 468 472 569 longo
496 467 642 550 putidam
666 472 698 532 te
722 468 863 552 saeculo,

226 556 449 709 curiimssitqtillili
470 560 812 733 dbiibvbttelrneeits'rugis
835 651 927 712 vetus

267 734 407 799 frontem
432 739 577 799 senectus
602 738 710 799 exaret

222 824 353 907 hIetque
376 825 481 907 turpis
504 825 589 888 inter
612 824 718 889 aridas
740 827 826 889 natis

265 912 372 996 podex
394 912 483 976 velut
506 913 622 977 crudae
645 913 746 978 bovis.

223 1002 278 1065 sed
300 1003 415 1065 incitat
437 1024 489 1066 me
512 1006 624 1085 pectus
648 1007 680 1066 et
703 1024 862 1067 mammae
884 1007 987 1087 putres

267 1092 384 1174 equina
408 1090 519 1173 quales
542 1092 642 1156 ubera

221 1184 396 1263 venterque
419 1179 528 1244 mollis
552 1185 585 1244 et
606 1181 713 1244 femur
736 1181 936 1246 tumentibus

266 1269 349 1333 exile
373 1269 456 1333 suris
479 1269 633 1333 additum.
926 1272 929 1277 ’

222 1362 291 1423 esto
315 1358 421 1442 beata,
445 1357 542 1422 funus
566 1363 662 1442 atque
685 1359 845 1443 imagines

266 1448 383 1512 ducant
406 1448 618 1531 triumphales
641 1452 732 1511 tuom

221 1557 280 1600 nec
303 1537 347 1600 sit
368 1537 497 1620 marita,
521 1559 602 1620 quae
624 1537 870 1602 rotundioribus

268 1631 384 1689 onusta
405 1625 494 1690 bacis
517 1626 668 1690 ambulet.

223 1714 322 1796 quid?
347 1715 433 1798 quod
456 1714 559 1779 libelli
584 1714 684 1779 Stoici
708 1717 793 1779 inter
817 1715 941 1781 Sericos

265 1804 368 1868 iacere
391 1803 544 1887 pulvillos
567 1808 689 1888 amant,

220 1892 391 1957 inlitterati
414 1915 493 1957 num
515 1895 622 1958 minus
644 1895 736 1957 nervi
758 1893 867 1980 rigent

264 1983 410 2046 minusve
432 1981 565 2068 languet
588 1982 768 2048 fascinum?

220 2072 306 2154 quod
329 2076 366 2135 ut
390 2072 528 2154 superbo
550 2093 707 2155 provoces
731 2072 771 2136 ab
794 2072 941 2158 inguine,

265 2183 319 2226 ore
342 2160 593 2243 adlaborandum
617 2165 666 2225 est
689 2161 758 2224 tibi.

542 2391 646 2456 VIIII.

220 2499 353 2575 Quando
376 2500 555 2582 repositum
579 2498 761 2564 Caecubum
785 2502 826 2565 ad
847 2503 947 2566 festus
970 2501 1046 2582 dapes
1075 2579 1078 2585 .

264 2590 385 2654 victore
408 2589 512 2652 laetus
537 2588 670 2653 Caesare

219 2682 326 2742 tecum
350 2679 409 2742 sub
434 2678 499 2741 alta
522 2716 566 2724 —-
589 2679 636 2743 sic
658 2677 728 2743 Iovi
752 2683 882 2764 gratum
905 2719 947 2726 -
971 2680 1056 2752 dono,

263 2767 354 2831 beate
378 2767 558 2849 Maecenas,
581 2767 690 2831 bibam

219 2861 352 2921 sonante
375 2858 513 2920 mixtum
537 2857 627 2921 tibiis
651 2878 780 2920 carmen
800 2857 885 2941 lyra,

263 2945 323 3010 hac
345 2946 496 3030 Dorium,
519 2946 585 3009 illis
608 2945 803 3009 barbarum?

155 3068 320 3139 &Ano
388 3069 525 3140 meo
575 3130 576 3134 Ν

156 3174 227 3246 8,8
252 3175 349 3243 quales
369 3175 447 3242 Fet,
476 3174 567 3242 qualis
589 3175 625 3244 G)
644 3176 717 3228 Risu
808 3177 844 3229 11
865 3177 1000 3232 funus-
1017 3178 1077 3253 tuum
1116 3174 1118 3179 ’

84 3248 116 3301 ob
139 3264 195 3301 rem
218 3248 300 3313 offert
321 3249 400 3302 schol.
420 3247 489 3301 Stat.
512 3247 594 3300 Theb.
616 3252 646 3311 6,
664 3251 722 3301 268
805 3247 853 3302 la.
880 3247 916 3302 14
945 3252 977 3304 ob
999 3240 1077 3300 mani*

83 3319 164 3372 schol.
179 3319 248 3373 Stat.
266 3318 350 3372 Theb.
365 3324 390 3384 4,
404 3323 461 3373 207
525 3325 589 3386 post
604 3317 640 3370 16
656 3319 750 3373 leuiter
765 3320 883 3373 distinxi
956 3319 990 3373 17
1007 3317 1077 3372 mian·

83 3390 165 3461 &ub
175 3390 286 3457 Porpb,
296 3389 387 3460 magis
398 3391 532 3444 Heinsius
588 3388 726 3442 lSminus
736 3392 870 3445 nominat.
927 3391 964 3446 18
974 3381 1077 3446 ometl

84 3461 133 3515 19.
154 3461 192 3514 20
211 3463 243 3515 ob
262 3478 316 3514 rem
335 3463 415 3516 schol.
431 3464 491 3516 Iao.
507 3465 532 3526 6,
546 3463 604 3513 298

156 3532 189 3600 a,
207 3532 221 3584 1
241 3533 397 3601 repositum
416 3534 452 3603 G)
464 3532 502 3603 Θ
521 3533 603 3601 (Sero.
618 3549 731 3600 pronon.
749 3533 793 3586 VI
807 3538 870 3600 471,
883 3537 941 3602 26),
959 3531 1079 3602 reponam

85 3605 108 3655 Φ
127 3604 264 3671 (Diomcd.
284 3621 396 3674 promtu.
417 3607 438 3659 I
452 3609 517 3669 528,
536 3605 583 3669 27)
