2400 3968
298 192 407 248 CAnM.
422 193 474 246 ΠΙΙ
494 199 535 246 14.
557 199 597 247 lb.
893 194 956 258 137

118 342 150 402 te
174 336 335 404 Cantaber
357 360 424 403 non
447 343 520 403 ante
545 338 716 404 domabilis

116 427 294 512 Medusque
317 433 349 492 et
371 427 484 512 Indus,
507 432 540 492 te
563 427 721 513 profugus
745 427 881 513 Scythes

160 517 309 599 miratur,
333 540 352 582 o
376 517 479 581 tutela
501 539 652 601 praesens

205 605 318 672 Italiae
341 607 554 691 dominaeque
577 606 707 672 Romae.

116 771 149 831 te
171 768 312 832 fontium
336 767 392 852 qui
416 766 498 832 celat
522 768 663 852 origines
932 795 958 836 a

117 855 276 941 Nilusque
300 860 332 921 et
354 855 479 940 Hister,
502 860 536 920 te
557 857 689 941 rapidus
712 855 833 944 Tigris,

161 951 193 1010 te
216 944 369 1011 beluosus
393 946 450 1030 qui
473 947 606 1010 remotis

206 1035 365 1118 obstrepit
389 1031 534 1100 Oceanus
556 1035 738 1120 Britannis,

116 1199 149 1258 te
172 1216 238 1259 non
260 1199 414 1279 paventes
437 1195 551 1260 funera
575 1193 699 1261 Galliae

119 1283 280 1368 duraeque
303 1283 400 1348 tellus
424 1284 514 1348 audit
537 1283 704 1369 Hiberiae,
933 1312 959 1352 so

162 1377 194 1437 te
218 1373 312 1438 caede
336 1373 513 1458 gaudentes
538 1371 709 1459 Sygambri

204 1462 381 1546 conpositis
405 1467 599 1526 venerantur
621 1463 726 1528 armis.

410 1765 481 1830 XV.

117 1873 281 1950 Phoebus·
292 1871 455 1938 volentem
478 1870 603 1956 proelia
624 1895 676 1936 me
697 1872 789 1956 loqui

117 1963 219 2028 victas
243 1966 275 2027 et
297 1963 388 2026 urbis
412 1961 571 2045 increpuit
594 1961 678 2046 lyra,

158 2073 199 2116 ne
221 2075 322 2136 parra
344 2051 547 2136 Tyrrhenum
570 2073 628 2135 per
651 2072 771 2135 aequor

206 2140 278 2206 vela
300 2141 418 2206 darem.
464 2145 533 2225 tua,
558 2137 687 2223 Caesar,
710 2145 797 2204 aetas

118 2303 228 2386 fruges
253 2304 285 2365 et
308 2301 394 2387 agris
417 2301 545 2366 rettulit
567 2302 681 2366 uberes
947 2327 959 2367 c

119 2396 150 2456 et
174 2391 268 2477 signa
290 2395 401 2455 nostro
426 2390 569 2455 restituit
592 2389 663 2455 Iovi

162 2480 294 2564 derepta
316 2479 511 2545 Parthorum
535 2479 682 2564 superbis

204 2569 355 2653 postibus
379 2573 412 2633 et
434 2590 568 2634 vacuom
594 2568 709 2633 duellis

118 2728 233 2794 lanum
257 2729 384 2806 Quirini
408 2728 524 2793 clausit
547 2733 579 2794 et
603 2729 747 2793 ordinem

119 2822 243 2883 rectum
266 2819 417 2904 evaganti
438 2819 530 2882 frena
551 2817 701 2883 licentiae
913 2844 961 2886 fro

161 2908 270 2972 iniecit
293 2908 477 2992 emovitque
501 2907 611 2990 culpas

207 3001 240 3060 et
263 3002 386 3061 veteres
409 2995 572 3061 revocavit
595 2997 688 3080 artis,

70 3156 102 3210 A
175 3133 311 3226 ΘεΕΦ

69 3298 200 3368 pauentis
218 3298 256 3370 Q
275 3299 386 3366 Porpb„
405 3300 542 3366 pauentes
562 3299 615 3352 Aa

77 3386 159 3440 posse
191 3372 272 3440 inopi
303 3387 365 3424 cam
396 3386 478 3424 carm.
499 3367 536 3422 14
573 3369 690 3424 adnotat
726 3368 819 3438 (ΡΜ)
859 3369 960 3438 Porpb.

69 3444 101 3496 ta
120 3458 151 3508 ς,
178 3440 297 3510 Direpta
315 3441 351 3511 Q
368 3440 406 3512 Q
514 3439 658 3509 9quirini
680 3441 716 3511 Q
733 3440 785 3512 Q,
814 3437 962 3504 Quirinum

69 3533 70 3538 ¹
143 3512 181 3567 10
200 3513 334 3582 euaganti
352 3512 388 3582 Q
406 3531 427 3565 π
445 3512 558 3580 Porpla,
581 3513 610 3566 et
627 3512 747 3582 uaganti
765 3513 847 3580 (deest
865 3511 905 3579 (5¹)
924 3511 963 3584 Q

69 3584 98 3638 rit
111 3585 148 3654 Θ
161 3584 199 3656 Θ
213 3585 314 3653 Porpb.
331 3585 359 3651 (i.
370 3583 449 3637 schol.
460 3584 488 3637 A
499 3584 545 3652 V),
565 3583 686 3637 dimouit
700 3582 771 3637 d¹n¹
