2386 3974
471 241 582 298 EPIST.
600 242 627 296 H
646 247 669 298 1.

61 387 195 452 Graecia
218 393 312 471 capta
334 389 438 452 farum
462 388 617 453 victorem
641 389 727 472 cepit
750 391 782 452 et
806 393 889 452 artes

61 478 173 541 intulit
195 477 314 562 agresti
338 478 445 542 Latio:
470 477 516 542 sio
538 477 688 542 horridus
713 477 767 542 ille

60 567 195 630 defluxit
216 588 369 630 numerus
394 566 564 632 Saturnius
587 570 620 630 et
642 588 739 652 grave
763 566 852 630 virus

61 655 237 720 munditiae
260 658 423 740 pepulere5
448 655 504 720 sed
527 655 562 719 in
582 657 717 741 longum
741 659 849 719 tamen
873 676 985 719 aevom

62 748 250 808 manserunt
272 745 435 828 hodieque
458 748 587 809 manent
609 745 747 830 vestigia
770 745 862 808 ruris.
1042 768 1082 809 rao

64 856 153 899 serus
177 834 262 897 enim
287 832 415 899 Graecis
439 833 584 899 admovit
607 834 755 897 acumina
779 833 899 898 chartis

16 980 18 983 ,
66 928 98 988 et
121 927 196 1006 post
219 922 342 988 Punica
364 922 450 988 bella
474 923 602 1007 quietus
626 944 777 1006 quaerere
801 923 921 1006 coepit,

65 1013 143 1096 quid
159 1010 336 1095 Sophocles
355 1016 388 1076 et
406 1011 542 1095 Thespis
562 1017 593 1076 et
607 1010 786 1095 Aeschylos
801 1012 881 1076 utile
895 1013 1029 1093 ferrent3

63 1103 236 1184 temptavit
259 1123 389 1184 quoque
412 1124 479 1165 rem
504 1101 531 1165 si
556 1101 651 1187 digne
674 1104 799 1165 vertere
822 1105 933 1185 posset

62 1196 95 1254 et
118 1190 241 1274 placuit
264 1190 340 1273 sibi,
363 1195 479 1254 natura
502 1190 649 1254 sublimis
673 1193 705 1254 et
728 1211 812 1254 acer:
864 1205 866 1209 '
1045 1213 1083 1253 res

62 1303 136 1343 nam
160 1280 261 1363 spirat
283 1281 443 1364 tragicum
467 1279 546 1343 satis
570 1283 603 1343 et
625 1279 764 1343 feliciter
786 1280 896 1362 audet,

62 1369 120 1432 sed
142 1372 269 1451 turpem
292 1372 387 1452 putat
411 1369 525 1432 inscite
548 1371 727 1452 metuitque
749 1368 887 1432 lituram.
1002 1437 1004 1440 ,

61 1457 219 1541 creditur,
245 1478 284 1521 ex
307 1458 413 1522 medio
439 1458 514 1541 quia
537 1479 588 1520 ras
613 1458 760 1539 accersit,
784 1457 901 1521 habere

61 1545 190 1611 sudoris
213 1547 396 1628 minimum,
420 1546 476 1610 sed
497 1545 595 1610 habet
619 1547 901 1612 comoedia'tanto

62 1637 136 1719 plus
160 1635 275 1717 oneris,
299 1640 419 1719 quanto
443 1637 555 1700 veniae
577 1636 697 1700 minus:
721 1636 860 1720 adspice,
883 1635 1017 1699 Plautus
1047 1659 1086 1699 iro

62 1747 128 1808 quo
152 1729 246 1808 pacto
270 1726 371 1808 partis
395 1728 519 1789 tutetur
541 1725 678 1789 amantis
701 1724 831 1808 ephebi,

63 1819 100 1877 ut
123 1816 225 1897 patris
249 1815 377 1895 attenti,
401 1816 526 1879 lenonis
550 1817 587 1878 ut
610 1814 773 1897 insidiosi,

62 1907 205 1986 quantus
230 1903 273 1967 sit
296 1903 484 1968 Dossennus
508 1902 658 1967 edacibus
682 1903 715 1966 in
739 1903 903 1986 parasitiS,

59 2014 164 2076 quam
186 2015 253 2056 non
276 1991 430 2056 adstricto
454 1996 620 2075 percurrat
643 1992 770 2076 pulpita
794 2014 902 2075 socca,

63 2081 164 2165 gestit
188 2082 272 2144 enim
295 2104 462 2145 nummum
481 2082 514 2145 in
533 2083 657 2146 loculos
677 2082 852 2165 demittere,
876 2084 952 2164 post
970 2080 1033 2142 hoc
1047 2104 1087 2144 ris

65 2190 207 2251 securuS,
232 2170 324 2234 cadat
347 2193 389 2234 an
411 2174 498 2234 recto
524 2175 586 2234 stet
608 2170 718 2234 fabula
741 2172 817 2234 talo.

65 2281 165 2342 quem
188 2261 265 2323 tulit
287 2259 328 2323 ad
352 2281 496 2324 scaenam
520 2263 655 2323 ventoso
679 2258 790 2323 Gloria
814 2280 921 2340 curru,

64 2349 229 2412 exanimat
250 2350 357 2412 lentus
381 2352 551 2432 spectator,
575 2347 704 2412 sedulus
728 2348 833 2413 inflat:

64 2438 112 2501 sic
130 2438 209 2520 leve,
229 2438 275 2502 sic
293 2460 426 2520 parvom
446 2442 503 2518 est,
521 2440 663 2501 animum
683 2437 770 2519 quod
783 2436 888 2501 laudis
903 2457 1034 2499 avarum

64 2526 192 2590 subruit
214 2532 270 2591 aut
293 2527 404 2590 reficit.
450 2529 556 2591 valeat
579 2549 630 2591 res
655 2527 789 2611 ludicra,
813 2528 840 2590 si
863 2547 914 2589 me
1049 2551 1089 2590 rso

65 2615 174 2699 palma
196 2620 313 2700 negata
335 2638 486 2698 macrum,
511 2616 628 2680 donata
650 2616 775 2679 reducit
799 2616 952 2699 opimum.

65 2726 160 2788 saepe
189 2705 285 2768 etiam
314 2705 465 2770 audacem
493 2706 586 2791 fugat
613 2704 676 2769 hoc
703 2708 866 2787 terretque
894 2704 1035 2787 poetam,

64 2793 154 2876 quod
176 2816 310 2857 numero
335 2796 453 2879 plures,
475 2795 596 2858 virtute
620 2794 796 2858 ethonore
820 2794 969 2874 minores,

137 2933 265 3004 &aa
335 2934 472 3006 anno

138 3057 194 3112 158
215 3058 344 3112 defluxit:
368 3057 472 3112 lenitus
496 3060 539 3111 est
561 3060 614 3128 frq.
630 3059 699 3112 Bob.
714 3075 827 3126 proram.
849 3058 909 3111 VII
926 3061 987 3123 544,
1007 3061 1044 3110 30

63 3146 198 3182 numerus
216 3131 253 3201 Q
270 3130 322 3201 Θ,
349 3130 472 3183 numeris
492 3130 555 3184 RF
631 3128 688 3183 159
711 3127 847 3198 pepulere
864 3129 901 3199 Q
976 3129 1091 3196 Porph,

67 3216 201 3269 peperere
214 3202 278 3256 Fu
333 3200 391 3254 loc
408 3200 532 3271 uestigia
550 3201 636 3255 ruris:
656 3200 799 3268 imperitia
818 3202 872 3268 frp.
888 3201 933 3254 Bo
953 3215 1089 3270 proram.

74 3273 136 3326 VII
151 3276 212 3338 544,
230 3276 266 3327 30
335 3272 390 3326 167
412 3272 551 3341 inscit(a)e
569 3273 606 3343 Q
618 3272 657 3344 Q
675 3271 816 3339 (inscitiae
831 3270 963 3341 Blanda
979 3271 1091 3338 Papa,

66 3343 213 3412 inscriptis
228 3343 382 3399 nataae}
434 3344 561 3398 lituram:
581 3343 806 3398 emendationem
824 3345 877 3413 fry.
894 3343 1090 3412 Roboretum.

73 3415 136 3469 VH
151 3419 212 3482 544,
231 3419 265 3471 31
340 3414 397 3470 168
423 3416 541 3470 accersit
564 3417 600 3486 Q
617 3415 655 3487 Θ
674 3415 784 3483 Porph,
809 3414 929 3468 accessit
947 3413 1090 3467 EBlood.

68 3483 126 3541 174
147 3483 237 3550 Quam
255 3487 292 3558 Θ
308 3487 359 3560 Θ,
379 3485 469 3552 Quom
488 3488 616 3555 Kraffert
670 3485 727 3541 175
748 3485 897 3539 demittere
918 3485 1092 3554 Effllcad),

67 3556 211 3684 dimittgrc
231 3559 313 3615 aaa
403 3557 462 3614 lec
479 3558 587 3615 ualeat:
610 3560 709 3628 percat
725 3559 780 3628 frp.
800 3558 869 3611 Bab.
889 3574 1004 3627 yramm.
1034 3556 1096 3610 VII

66 3632 166 3697 544,3
702 3633 704 3638 ’
