2400 3968
393 213 502 268 OARM.
517 213 569 268 IIII
588 219 611 268 7.
945 213 1008 278 127

87 360 170 422 ratia
193 380 266 424 oum
284 358 446 444 Nymphis
465 359 667 444 geminisque
685 358 847 424 sororibus
866 358 963 424 audet
995 384 1008 425 s

102 447 218 513 duoere
240 449 326 513 nuda
349 448 479 513 ohoros:
652 477 653 480 ¹

89 537 241 602 mortalia
263 559 304 602 ne
328 559 450 622 speres,
472 540 582 601 monet
605 559 707 602 annus
730 540 763 601 et
785 535 905 602 almum

101 647 184 710 quae
207 627 294 710 rapit
314 626 396 691 hora
419 626 511 690 diem.

92 789 179 872 [gera
201 787 374 851 mitescunt
397 786 568 872 Zephyris,
590 808 647 850 ver
668 785 806 870 proterit
828 791 933 852 aestas

100 876 285 961 interitura,
308 874 404 940 simul
983 901 1008 941 ro

94 964 195 1029 »miser
217 968 390 1030 autumnus
413 966 523 1051 fruges
546 963 708 1049 effuderit,
731 967 764 1028 et
785 986 861 1031 mox

100 1054 215 1118 bruma
237 1054 374 1119 recurrit
395 1054 491 1118 iners.

97 1237 172 1278 mna
195 1218 301 1278 tamen
326 1213 443 1279 celeres
466 1217 616 1298 reparant
638 1212 787 1278 caelestia
808 1212 917 1278 lunae:

100 1326 159 1368 nos
183 1303 240 1368 ubi
264 1303 439 1368 decidimus

100 1414 121 1457 o
144 1392 218 1476 pius
241 1391 380 1477 Aeneas,
405 1414 468 1477 quo
492 1391 604 1456 'Iullus
629 1391 717 1456 dives
741 1395 774 1455 et
795 1389 920 1477 Ancus,
981 1417 1006 1458 1⁵

98 1481 207 1566 pulvis
231 1486 264 1546 et
285 1481 401 1547 umbra
424 1503 541 1545 sumus.

101 1642 128 1705 is
152 1641 214 1707 soit
235 1663 277 1706 an
299 1642 441 1706 adiciant
462 1640 635 1706 hodiernae
659 1640 799 1706 crastina
821 1663 963 1707 summae

101 1735 244 1814 tempora
268 1730 300 1794 di
324 1731 454 1815 superi?

102 1825 172 1883 uota
192 1841 306 1884 manus
329 1820 440 1884 avidas
463 1818 589 1904 fugient
611 1818 737 1884 heredis
761 1820 862 1884 amieo

103 1929 181 1991 quae
205 1907 330 1972 dederis
353 1909 469 1973 animo.
980 1935 1006 1975 ro

104 2091 127 2132 n
152 2067 249 2131 semel
272 2068 425 2133 oooideris
449 2072 482 2132 et
504 2068 543 2132 de
565 2071 599 2132 te
622 2068 790 2153 splendida
812 2067 919 2134 Minos

104 2157 210 2221 feeerit
234 2156 381 2241 arbitria,

105 2270 132 2331 r,
156 2245 332 2331 Torquate,
356 2268 469 2332 genus,
492 2268 559 2312 non
581 2250 614 2311 te
636 2246 888 2330 facundia,‘n0n
911 2249 944 2310 te

106 2336 247 2400 restituet
269 2336 387 2420 pietas,

107 2497 316 2580 ernianoque
339 2496 424 2559 enim
448 2495 588 2560 tenebris
611 2495 717 2560 Diana
739 2496 891 2580 pudicum
978 2521 1004 2561 ss

108 2584 214 2649 iherat
236 2583 453 2668 Hippolytum

108 2697 113 2735 ι
137 2673 278 2738 Lethaea
300 2673 386 2738 valet
408 2672 550 2738 Theseus
573 2673 764 2758 abrumpere
787 2696 861 2739 earo

109 2761 227 2827 rinoula
249 2761 412 2827 Perithoo.

121 2920 223 2973 ABG
291 2919 429 2990 Qer)

111 3059 142 3115 14
161 3063 193 3116 ob
215 3059 266 3114 ubi
289 3062 371 3127 affert
389 3060 461 3115 Sero.
481 3063 550 3116 Aeo.
570 3068 595 3129 1,
616 3066 668 3117 714
759 3062 795 3116 15
814 3063 878 3131 pius
897 3064 933 3134 Q
951 3063 1003 3134 Q,

111 3152 129 3186 a
148 3133 253 3187 Blaad.
307 3131 395 3185 tullus
415 3132 492 3186 dives
510 3133 546 3203 Q
558 3132 608 3205 Q,
628 3134 707 3187 diues
721 3133 809 3187 tullus
823 3134 909 3202 (iulus
920 3135 962 3203 F)
979 3138 1003 3188 Φ

112 3205 153 3259 bet
171 3205 276 3259 Aaron.
295 3206 397 3270 234,2
487 3203 522 3256 17
544 3202 612 3268 Quis
631 3205 685 3258 scit
702 3206 739 3276 Q
812 3207 922 3274 Porph,
948 3205 1003 3270 Qui

165 3275 340 3356 summaeQ
352 3274 390 3346 Q
404 3275 516 3355 i'orph,
528 3275 607 3328 uitae
622 3279 665 3330 δπ
679 3277 737 3331 Bra
778 3318 783 3330 .
840 3277 876 3330 19
891 3277 1002 3331 heredis

112 3346 826 3500 1111111111,111111,
857 3347 1002 3488 herr

112 3490 133 3560 D
150 3489 201 3561 Q,
219 3488 344 3557 pmthoo
364 3488 425 3544 FB
