2400 3968
298 208 407 264 GARM.
422 209 461 262 III
481 213 522 262 10.
545 214 585 262 11.
909 208 951 273 91

117 376 136 418 o
160 353 307 438 quamvis
331 375 435 437 neque
458 358 490 417 te
513 375 646 417 munera
669 375 727 418 nee
748 375 859 438 preces

115 466 174 508 nec
196 443 318 508 tinctus
341 443 429 507 viola
449 442 555 526 pallor
577 443 754 508 amantium

115 555 174 598 nec
196 533 247 596 vir
269 531 377 596 Pieria
398 532 519 616 paelice
542 533 669 597 saucius
930 557 956 597 u

158 625 282 706 curvat,
306 620 507 705 supplicibus
530 621 596 686 tuis

114 821 240 884 parcas,
263 821 322 863 nec
344 799 451 885 rigida
472 798 603 864 mollior
625 798 754 880 aesculo

113 910 172 953 nec
195 888 316 954 Mauris
340 888 483 953 animum
507 888 618 952 mitior
641 888 816 973 anguibus:

114 1001 180 1043 nen
203 977 265 1042 hoc
288 999 415 1062 semper
438 977 499 1041 erit
521 976 650 1041 liminis·
669 980 725 1047 aut
748 999 850 1061 aquae

159 1066 305 1131 caelestis
329 1068 454 1150 patiens
478 1066 571 1132 latus.
929 1091 956 1130 sc

416 1437 471 1504 XI.

114 1565 268 1649 Mercuri,
290 1587 366 1629 nam
390 1567 422 1628 te
446 1564 560 1628 docilis
583 1565 739 1650 magistro

114 1654 218 1719 mevit
240 1652 405 1737 Amphion
430 1653 554 1737 lapides
578 1654 734 1737 canendo,

112 1747 222 1827 tuque'
236 1743 365 1808 testudo
388 1763 539 1806 resonare
562 1747 685 1826 septem

162 1832 277 1896 callida
299 1834 420 1915 nervis,

111 2032 171 2075 nec
194 2010 314 2094 loquax
337 2010 415 2075 olim
438 2030 542 2093 neque
566 2013 671 2096 grata,
694 2030 779 2073 nunc
802 2010 834 2071 et
942 2032 955 2072 s

113 2099 250 2162 divitum
274 2100 393 2163 mensis
417 2102 450 2162 et
473 2099 576 2163 amica
598 2098 743 2182 templis,

114 2188 315 2271 diomedes,
338 2188 427 2271 Lyde
451 2188 568 2271 quibus
592 2187 772 2252 obstinatas

156 2276 296 2361 adplicet
320 2277 419 2361 auris,

113 2477 193 2539 quae
216 2455 306 2518 velut
327 2454 409 2530 latis
428 2475 510 2538 equa
533 2453 630 2518 trima
653 2452 776 2537 campis
860 2531 861 2534 Ἴ

111 2544 195 2608 ludit
219 2544 371 2608 exsultim
394 2544 576 2627 metuitque
599 2542 690 2628 tangi
739 2552 770 2604 ’,
929 2565 955 2605 1c

112 2634 300 2716 nuptiarum
323 2654 437 2716 expers
461 2636 494 2696 et
518 2632 624 2696 adhuc
646 2633 798 2715 protervo

155 2722 254 2787 cruda
277 2723 402 2786 marito.

112 2905 149 2964 tu
172 2905 265 2984 potes
289 2900 384 2986 tigris
404 2899 602 2982 comitesque
626 2898 723 2963 silvas
767 2952 768 2957 ,

112 2990 227 3053 ducere
251 2992 284 3053 et
306 2990 393 3054 rivos
417 2988 536 3053 celeres
560 2988 693 3073 morari;

110 3079 208 3143 cessit
232 3078 382 3142 immanis
405 3076 467 3141 tibi
490 3077 670 3142 blandienti

154 3168 274 3232 ianitor
297 3167 389 3231 aulae

66 3361 174 3415 nnn
244 3360 384 3431 ΜΦ

66 3522 99 3576 ob
126 3522 358 3588 comparationem
386 3521 469 3587 affert
494 3520 570 3575 Serv.
590 3521 652 3574 buc.
670 3523 698 3584 2,
717 3521 755 3571 47
778 3516 958 3592 (attinctus)

65 3610 120 3646 ium
138 3593 175 3662 (D
192 3592 241 3664 (n),
262 3591 355 3644 animo
375 3592 421 3645 El
