<?xml version="1.0" encoding="UTF-8"?>
<!DOCTYPE html PUBLIC "-//W3C//DTD XHTML 1.0 Transitional//EN"
    "http://www.w3.org/TR/xhtml1/DTD/xhtml1-transitional.dtd">
<html xmlns="http://www.w3.org/1999/xhtml" xml:lang="en" lang="en">
 <head>
  <title>
</title>
<meta http-equiv="Content-Type" content="text/html;charset=utf-8" />
  <meta name='ocr-system' content='tesseract 3.04.00' />
  <meta name='ocr-capabilities' content='ocr_page ocr_carea ocr_par ocr_line ocrx_word'/>
</head>
<body>
  <div class='ocr_page' id='page_1' title='image "./qhoratiflaccica00vollgoog_0331.png"; bbox 0 0 2400 3968; ppageno 0'>
   <div class='ocr_carea' id='block_1_1' title="bbox 132 154 815 223">
    <p class='ocr_par' dir='ltr' id='par_1_1' title="bbox 132 154 815 223">
     <span class='ocr_line' id='line_1_1' title="bbox 132 154 815 223; baseline 0.001 -11"><span class='ocrx_word' id='word_1_1' title='bbox 132 158 199 223; x_wconf 84' lang='lat'>316</span> <span class='ocrx_word' id='word_1_2' title='bbox 467 157 516 212; x_wconf 80' lang='lat' dir='ltr'>Du</span> <span class='ocrx_word' id='word_1_3' title='bbox 535 157 632 211; x_wconf 80' lang='lat' dir='ltr'><strong>ARTE</strong></span> <span class='ocrx_word' id='word_1_4' title='bbox 651 154 815 213; x_wconf 63' lang='lat' dir='ltr'>Poenos„</span> 
     </span>
    </p>
   </div>
   <div class='ocr_carea' id='block_1_2' title="bbox 104 303 1141 1992">
    <p class='ocr_par' dir='ltr' id='par_1_2' title="bbox 185 303 907 370">
     <span class='ocr_line' id='line_1_2' title="bbox 185 303 907 370; baseline 0 -2"><span class='ocrx_word' id='word_1_5' title='bbox 185 305 232 370; x_wconf 88' lang='lat' dir='ltr'>sic</span> <span class='ocrx_word' id='word_1_6' title='bbox 255 304 350 368; x_wconf 91' lang='lat' dir='ltr'>etiam</span> <span class='ocrx_word' id='word_1_7' title='bbox 374 303 493 367; x_wconf 74' lang='lat' dir='ltr'>fidibus</span> <span class='ocrx_word' id='word_1_8' title='bbox 516 325 612 368; x_wconf 83' lang='lat' dir='ltr'>voces</span> <span class='ocrx_word' id='word_1_9' title='bbox 635 325 762 368; x_wconf 85' lang='lat' dir='ltr'>crevere</span> <span class='ocrx_word' id='word_1_10' title='bbox 786 305 907 369; x_wconf 89' lang='lat' dir='ltr'>severis</span> 
     </span>
    </p>

    <p class='ocr_par' dir='ltr' id='par_1_3' title="bbox 185 392 1048 477">
     <span class='ocr_line' id='line_1_3' title="bbox 185 392 1048 477; baseline 0 -19"><span class='ocrx_word' id='word_1_11' title='bbox 185 398 218 458; x_wconf 88' lang='lat' dir='ltr'>et</span> <span class='ocrx_word' id='word_1_12' title='bbox 240 394 318 457; x_wconf 89' lang='lat' dir='ltr'>tulit</span> <span class='ocrx_word' id='word_1_13' title='bbox 340 392 506 475; x_wconf 90' lang='lat' dir='ltr'>eloquium</span> <span class='ocrx_word' id='word_1_14' title='bbox 528 392 696 458; x_wconf 91' lang='lat' dir='ltr'>insolitum</span> <span class='ocrx_word' id='word_1_15' title='bbox 718 393 871 458; x_wconf 78' lang='lat' dir='ltr'><strong>facundia</strong></span> <span class='ocrx_word' id='word_1_16' title='bbox 892 414 1048 477; x_wconf 87' lang='lat' dir='ltr'>praeceps</span> 
     </span>
    </p>

    <p class='ocr_par' dir='ltr' id='par_1_4' title="bbox 104 483 990 656">
     <span class='ocr_line' id='line_1_4' title="bbox 104 483 951 566; baseline 0 -20"><span class='ocrx_word' id='word_1_17' title='bbox 104 493 107 500; x_wconf 87' lang='lat'>&#39;</span> <span class='ocrx_word' id='word_1_18' title='bbox 185 483 381 565; x_wconf 75' lang='lat' dir='ltr'>utiliumque</span> <span class='ocrx_word' id='word_1_19' title='bbox 405 504 503 566; x_wconf 83' lang='lat' dir='ltr'><strong>sagax</strong></span> <span class='ocrx_word' id='word_1_20' title='bbox 526 505 634 546; x_wconf 87' lang='lat' dir='ltr'>rerum</span> <span class='ocrx_word' id='word_1_21' title='bbox 657 486 691 545; x_wconf 90' lang='lat' dir='ltr'>et</span> <span class='ocrx_word' id='word_1_22' title='bbox 713 483 823 547; x_wconf 83' lang='lat' dir='ltr'>divina</span> <span class='ocrx_word' id='word_1_23' title='bbox 845 483 951 547; x_wconf 87' lang='lat' dir='ltr'>futuri</span> 
     </span>
     <span class='ocr_line' id='line_1_5' title="bbox 186 570 990 656; baseline 0.001 -21"><span class='ocrx_word' id='word_1_24' title='bbox 186 570 347 656; x_wconf 81' lang='lat' dir='ltr'>sortilegis</span> <span class='ocrx_word' id='word_1_25' title='bbox 370 592 437 634; x_wconf 88' lang='lat' dir='ltr'>non</span> <span class='ocrx_word' id='word_1_26' title='bbox 460 571 636 654; x_wconf 80' lang='lat' dir='ltr'>discrepuit</span> <span class='ocrx_word' id='word_1_27' title='bbox 659 572 818 636; x_wconf 90' lang='lat' dir='ltr'>sententia</span> <span class='ocrx_word' id='word_1_28' title='bbox 840 571 990 656; x_wconf 88' lang='lat' dir='ltr'>Delphis.</span> 
     </span>
    </p>

    <p class='ocr_par' dir='ltr' id='par_1_5' title="bbox 133 659 1141 1101">
     <span class='ocr_line' id='line_1_6' title="bbox 133 659 1063 745; baseline 0 -20"><span class='ocrx_word' id='word_1_29' title='bbox 133 687 172 725; x_wconf 81' lang='lat' dir='ltr'>aaa</span> <span class='ocrx_word' id='word_1_30' title='bbox 186 662 326 725; x_wconf 83' lang='lat' dir='ltr'>carmine</span> <span class='ocrx_word' id='word_1_31' title='bbox 350 661 406 743; x_wconf 90' lang='lat' dir='ltr'>qui</span> <span class='ocrx_word' id='word_1_32' title='bbox 429 661 553 745; x_wconf 85' lang='lat' dir='ltr'>tragico</span> <span class='ocrx_word' id='word_1_33' title='bbox 576 659 673 724; x_wconf 83' lang='lat' dir='ltr'>vilem</span> <span class='ocrx_word' id='word_1_34' title='bbox 697 661 833 726; x_wconf 83' lang='lat' dir='ltr'>certavit</span> <span class='ocrx_word' id='word_1_35' title='bbox 857 661 899 726; x_wconf 95' lang='lat' dir='ltr'>ob</span> <span class='ocrx_word' id='word_1_36' title='bbox 924 662 1063 745; x_wconf 83' lang='lat' dir='ltr'>hircum,</span> 
     </span>
     <span class='ocr_line' id='line_1_7' title="bbox 187 748 1040 834; baseline 0.002 -21"><span class='ocrx_word' id='word_1_37' title='bbox 187 772 263 813; x_wconf 84' lang='lat' dir='ltr'>mox</span> <span class='ocrx_word' id='word_1_38' title='bbox 287 750 384 813; x_wconf 87' lang='lat' dir='ltr'>etiam</span> <span class='ocrx_word' id='word_1_39' title='bbox 408 751 545 833; x_wconf 86' lang='lat' dir='ltr'>agrestis</span> <span class='ocrx_word' id='word_1_40' title='bbox 570 748 705 832; x_wconf 90' lang='lat' dir='ltr'>Satyros</span> <span class='ocrx_word' id='word_1_41' title='bbox 727 750 863 814; x_wconf 83' lang='lat' dir='ltr'>nudavit</span> <span class='ocrx_word' id='word_1_42' title='bbox 885 754 920 815; x_wconf 91' lang='lat' dir='ltr'>et</span> <span class='ocrx_word' id='word_1_43' title='bbox 944 772 1040 834; x_wconf 86' lang='lat' dir='ltr'>asper</span> 
     </span>
     <span class='ocr_line' id='line_1_8' title="bbox 184 838 1141 923; baseline 0 -20"><span class='ocrx_word' id='word_1_44' title='bbox 184 839 340 905; x_wconf 89' lang='lat' dir='ltr'>incolumi</span> <span class='ocrx_word' id='word_1_45' title='bbox 363 840 522 922; x_wconf 81' lang='lat' dir='ltr'>gravitate</span> <span class='ocrx_word' id='word_1_46' title='bbox 546 838 653 904; x_wconf 92' lang='lat' dir='ltr'>iocum</span> <span class='ocrx_word' id='word_1_47' title='bbox 677 839 848 922; x_wconf 87' lang='lat' dir='ltr'>temptavit</span> <span class='ocrx_word' id='word_1_48' title='bbox 871 862 908 905; x_wconf 93' lang='lat' dir='ltr'>eo</span> <span class='ocrx_word' id='word_1_49' title='bbox 934 841 1025 923; x_wconf 90' lang='lat' dir='ltr'>quod</span> <span class='ocrx_word' id='word_1_50' title='bbox 1139 878 1141 883; x_wconf 94' lang='lat'>·</span> 
     </span>
     <span class='ocr_line' id='line_1_9' title="bbox 186 929 976 1013; baseline -0.001 -20"><span class='ocrx_word' id='word_1_51' title='bbox 186 929 345 993; x_wconf 85' lang='lat' dir='ltr'>illecebris</span> <span class='ocrx_word' id='word_1_52' title='bbox 368 930 438 992; x_wconf 88' lang='lat' dir='ltr'>erat</span> <span class='ocrx_word' id='word_1_53' title='bbox 461 931 494 990; x_wconf 89' lang='lat' dir='ltr'>et</span> <span class='ocrx_word' id='word_1_54' title='bbox 517 932 610 1013; x_wconf 83' lang='lat' dir='ltr'>grata</span> <span class='ocrx_word' id='word_1_55' title='bbox 631 929 774 993; x_wconf 79' lang='lat' dir='ltr'>novitate</span> <span class='ocrx_word' id='word_1_56' title='bbox 798 930 976 993; x_wconf 88' lang='lat' dir='ltr'>morandus</span> 
     </span>
     <span class='ocr_line' id='line_1_10' title="bbox 186 1017 1048 1101; baseline 0 -19"><span class='ocrx_word' id='word_1_57' title='bbox 186 1021 349 1101; x_wconf 90' lang='lat' dir='ltr'>spectator</span> <span class='ocrx_word' id='word_1_58' title='bbox 370 1017 564 1100; x_wconf 88' lang='lat' dir='ltr'>functusque</span> <span class='ocrx_word' id='word_1_59' title='bbox 587 1017 686 1082; x_wconf 88' lang='lat' dir='ltr'>sacris</span> <span class='ocrx_word' id='word_1_60' title='bbox 710 1021 742 1080; x_wconf 89' lang='lat' dir='ltr'>et</span> <span class='ocrx_word' id='word_1_61' title='bbox 764 1022 861 1100; x_wconf 89' lang='lat' dir='ltr'>potus</span> <span class='ocrx_word' id='word_1_62' title='bbox 885 1022 918 1081; x_wconf 88' lang='lat' dir='ltr'>et</span> <span class='ocrx_word' id='word_1_63' title='bbox 943 1021 1048 1083; x_wconf 83' lang='lat' dir='ltr'>exlex.</span> 
     </span>
    </p>

    <p class='ocr_par' dir='ltr' id='par_1_6' title="bbox 133 1105 1137 1548">
     <span class='ocr_line' id='line_1_11' title="bbox 133 1105 979 1188; baseline -0.001 -16"><span class='ocrx_word' id='word_1_64' title='bbox 133 1133 172 1173; x_wconf 76' lang='lat' dir='ltr'>aaa</span> <span class='ocrx_word' id='word_1_65' title='bbox 188 1129 299 1172; x_wconf 87' lang='lat' dir='ltr'>verum</span> <span class='ocrx_word' id='word_1_66' title='bbox 323 1107 369 1170; x_wconf 89' lang='lat' dir='ltr'>ita</span> <span class='ocrx_word' id='word_1_67' title='bbox 392 1105 518 1188; x_wconf 83' lang='lat' dir='ltr'>risores,</span> <span class='ocrx_word' id='word_1_68' title='bbox 541 1107 588 1169; x_wconf 89' lang='lat' dir='ltr'>ita</span> <span class='ocrx_word' id='word_1_69' title='bbox 611 1107 832 1170; x_wconf 76' lang='lat' dir='ltr'>commendare</span> <span class='ocrx_word' id='word_1_70' title='bbox 857 1106 979 1172; x_wconf 84' lang='lat' dir='ltr'>dicacis</span> 
     </span>
     <span class='ocr_line' id='line_1_12' title="bbox 187 1192 955 1278; baseline -0.001 -18"><span class='ocrx_word' id='word_1_71' title='bbox 187 1195 356 1260; x_wconf 83' lang='lat' dir='ltr'>conveniet</span> <span class='ocrx_word' id='word_1_72' title='bbox 380 1192 521 1278; x_wconf 81' lang='lat' dir='ltr'>Satyros,</span> <span class='ocrx_word' id='word_1_73' title='bbox 544 1196 590 1258; x_wconf 91' lang='lat' dir='ltr'>ita</span> <span class='ocrx_word' id='word_1_74' title='bbox 613 1199 737 1259; x_wconf 86' lang='lat' dir='ltr'>vertere</span> <span class='ocrx_word' id='word_1_75' title='bbox 761 1197 842 1259; x_wconf 91' lang='lat' dir='ltr'>seria</span> <span class='ocrx_word' id='word_1_76' title='bbox 865 1195 955 1278; x_wconf 84' lang='lat' dir='ltr'>ludo,</span> 
     </span>
     <span class='ocr_line' id='line_1_13' title="bbox 186 1284 1137 1370; baseline 0.002 -22"><span class='ocrx_word' id='word_1_77' title='bbox 186 1307 235 1369; x_wconf 89' lang='lat' dir='ltr'>ne,</span> <span class='ocrx_word' id='word_1_78' title='bbox 259 1286 452 1367; x_wconf 89' lang='lat' dir='ltr'>quicumque</span> <span class='ocrx_word' id='word_1_79' title='bbox 476 1284 563 1367; x_wconf 83' lang='lat' dir='ltr'>deus,</span> <span class='ocrx_word' id='word_1_80' title='bbox 586 1285 780 1367; x_wconf 89' lang='lat' dir='ltr'>quicumque</span> <span class='ocrx_word' id='word_1_81' title='bbox 803 1284 1016 1350; x_wconf 78' lang='lat' dir='ltr'>adhibebitur</span> <span class='ocrx_word' id='word_1_82' title='bbox 1039 1286 1137 1370; x_wconf 83' lang='lat' dir='ltr'>heros,</span> 
     </span>
     <span class='ocr_line' id='line_1_14' title="bbox 186 1374 969 1459; baseline 0 -22"><span class='ocrx_word' id='word_1_83' title='bbox 186 1374 288 1459; x_wconf 82' lang='lat' dir='ltr'>regali</span> <span class='ocrx_word' id='word_1_84' title='bbox 311 1376 502 1456; x_wconf 88' lang='lat' dir='ltr'>conspectus</span> <span class='ocrx_word' id='word_1_85' title='bbox 525 1374 559 1437; x_wconf 92' lang='lat' dir='ltr'>in</span> <span class='ocrx_word' id='word_1_86' title='bbox 583 1395 662 1436; x_wconf 93' lang='lat' dir='ltr'>auro</span> <span class='ocrx_word' id='word_1_87' title='bbox 684 1396 787 1457; x_wconf 89' lang='lat' dir='ltr'>nuper</span> <span class='ocrx_word' id='word_1_88' title='bbox 809 1377 841 1437; x_wconf 89' lang='lat' dir='ltr'>et</span> <span class='ocrx_word' id='word_1_89' title='bbox 866 1379 969 1458; x_wconf 84' lang='lat' dir='ltr'>ostro,</span> 
     </span>
     <span class='ocr_line' id='line_1_15' title="bbox 186 1461 1025 1548; baseline 0.002 -21"><span class='ocrx_word' id='word_1_90' title='bbox 186 1465 304 1548; x_wconf 79' lang='lat' dir='ltr'>migret</span> <span class='ocrx_word' id='word_1_91' title='bbox 327 1464 361 1525; x_wconf 91' lang='lat' dir='ltr'>in</span> <span class='ocrx_word' id='word_1_92' title='bbox 384 1463 536 1526; x_wconf 88' lang='lat' dir='ltr'>obscuras</span> <span class='ocrx_word' id='word_1_93' title='bbox 559 1461 675 1526; x_wconf 89' lang='lat' dir='ltr'>humili</span> <span class='ocrx_word' id='word_1_94' title='bbox 698 1484 845 1528; x_wconf 84' lang='lat' dir='ltr'>sermone</span> <span class='ocrx_word' id='word_1_95' title='bbox 868 1463 1025 1530; x_wconf 88' lang='lat' dir='ltr'>tabernas</span> 
     </span>
    </p>

    <p class='ocr_par' dir='ltr' id='par_1_7' title="bbox 133 1550 1081 1992">
     <span class='ocr_line' id='line_1_16' title="bbox 133 1550 1081 1639; baseline 0.002 -21"><span class='ocrx_word' id='word_1_96' title='bbox 133 1579 173 1618; x_wconf 80' lang='lat' dir='ltr'>rso</span> <span class='ocrx_word' id='word_1_97' title='bbox 192 1557 257 1635; x_wconf 82' lang='lat' dir='ltr'>aut,</span> <span class='ocrx_word' id='word_1_98' title='bbox 281 1553 355 1616; x_wconf 90' lang='lat' dir='ltr'>dnm</span> <span class='ocrx_word' id='word_1_99' title='bbox 379 1552 461 1616; x_wconf 87' lang='lat' dir='ltr'>vitat</span> <span class='ocrx_word' id='word_1_100' title='bbox 482 1550 627 1634; x_wconf 85' lang='lat' dir='ltr'>humum,</span> <span class='ocrx_word' id='word_1_101' title='bbox 649 1551 745 1615; x_wconf 92' lang='lat' dir='ltr'>nubis</span> <span class='ocrx_word' id='word_1_102' title='bbox 769 1555 802 1615; x_wconf 92' lang='lat' dir='ltr'>et</span> <span class='ocrx_word' id='word_1_103' title='bbox 824 1553 935 1616; x_wconf 91' lang='lat' dir='ltr'>inania</span> <span class='ocrx_word' id='word_1_104' title='bbox 961 1559 1081 1639; x_wconf 88' lang='lat' dir='ltr'>captet.</span> 
     </span>
     <span class='ocr_line' id='line_1_17' title="bbox 187 1640 906 1725; baseline 0.001 -20"><span class='ocrx_word' id='word_1_105' title='bbox 187 1641 314 1705; x_wconf 88' lang='lat' dir='ltr'>effutire</span> <span class='ocrx_word' id='word_1_106' title='bbox 336 1640 416 1704; x_wconf 86' lang='lat' dir='ltr'>levis</span> <span class='ocrx_word' id='word_1_107' title='bbox 440 1640 574 1725; x_wconf 82' lang='lat' dir='ltr'>indigna</span> <span class='ocrx_word' id='word_1_108' title='bbox 596 1641 764 1725; x_wconf 81' lang='lat' dir='ltr'>tragoedia</span> <span class='ocrx_word' id='word_1_109' title='bbox 784 1663 906 1724; x_wconf 82' lang='lat' dir='ltr'>versus,</span> 
     </span>
     <span class='ocr_line' id='line_1_18' title="bbox 187 1729 911 1813; baseline -0.003 -19"><span class='ocrx_word' id='word_1_110' title='bbox 187 1735 224 1794; x_wconf 86' lang='lat' dir='ltr'>nt</span> <span class='ocrx_word' id='word_1_111' title='bbox 246 1730 338 1794; x_wconf 88' lang='lat' dir='ltr'>festis</span> <span class='ocrx_word' id='word_1_112' title='bbox 361 1733 509 1793; x_wconf 87' lang='lat' dir='ltr'>matrona</span> <span class='ocrx_word' id='word_1_113' title='bbox 533 1729 656 1793; x_wconf 87' lang='lat' dir='ltr'>moveri</span> <span class='ocrx_word' id='word_1_114' title='bbox 679 1729 767 1794; x_wconf 89' lang='lat' dir='ltr'>iussa</span> <span class='ocrx_word' id='word_1_115' title='bbox 789 1731 911 1813; x_wconf 77' lang='lat' dir='ltr'>diebus,</span> 
     </span>
     <span class='ocr_line' id='line_1_19' title="bbox 187 1817 1047 1902; baseline 0.002 -19"><span class='ocrx_word' id='word_1_116' title='bbox 187 1819 334 1883; x_wconf 87' lang='lat' dir='ltr'>intererit</span> <span class='ocrx_word' id='word_1_117' title='bbox 358 1817 482 1900; x_wconf 83' lang='lat' dir='ltr'>Satyris</span> <span class='ocrx_word' id='word_1_118' title='bbox 504 1820 637 1901; x_wconf 90' lang='lat' dir='ltr'>paulum</span> <span class='ocrx_word' id='word_1_119' title='bbox 661 1819 849 1901; x_wconf 90' lang='lat' dir='ltr'>pudibunda</span> <span class='ocrx_word' id='word_1_120' title='bbox 871 1823 1047 1902; x_wconf 75' lang='lat' dir='ltr'>protervia.</span> 
     </span>
     <span class='ocr_line' id='line_1_20' title="bbox 187 1907 1079 1992; baseline 0.003 -20"><span class='ocrx_word' id='word_1_121' title='bbox 187 1929 253 1972; x_wconf 92' lang='lat' dir='ltr'>non</span> <span class='ocrx_word' id='word_1_122' title='bbox 276 1929 336 1992; x_wconf 84' lang='lat' dir='ltr'>ego</span> <span class='ocrx_word' id='word_1_123' title='bbox 359 1909 508 1971; x_wconf 86' lang='lat' dir='ltr'>inornata</span> <span class='ocrx_word' id='word_1_124' title='bbox 530 1910 563 1972; x_wconf 89' lang='lat' dir='ltr'>et</span> <span class='ocrx_word' id='word_1_125' title='bbox 586 1907 787 1971; x_wconf 89' lang='lat' dir='ltr'>dominantia</span> <span class='ocrx_word' id='word_1_126' title='bbox 808 1909 942 1973; x_wconf 89' lang='lat' dir='ltr'>nomina</span> <span class='ocrx_word' id='word_1_127' title='bbox 967 1911 1079 1975; x_wconf 88' lang='lat' dir='ltr'>solum</span> 
     </span>
    </p>
   </div>
   <div class='ocr_carea' id='block_1_3' title="bbox 134 1994 1050 2615">
    <p class='ocr_par' dir='ltr' id='par_1_8' title="bbox 134 1994 1043 2434">
     <span class='ocr_line' id='line_1_21' title="bbox 134 1994 1043 2081; baseline -0.001 -17"><span class='ocrx_word' id='word_1_128' title='bbox 134 2022 172 2064; x_wconf 80' lang='lat' dir='ltr'>aas</span> <span class='ocrx_word' id='word_1_129' title='bbox 187 1998 356 2081; x_wconf 83' lang='lat' dir='ltr'>verbaque,</span> <span class='ocrx_word' id='word_1_130' title='bbox 379 1996 522 2076; x_wconf 82' lang='lat' dir='ltr'>Pisones,</span> <span class='ocrx_word' id='word_1_131' title='bbox 546 1994 734 2080; x_wconf 83' lang='lat' dir='ltr'>Satyrorum</span> <span class='ocrx_word' id='word_1_132' title='bbox 760 1999 898 2081; x_wconf 89' lang='lat' dir='ltr'>scriptor</span> <span class='ocrx_word' id='word_1_133' title='bbox 921 1999 1043 2063; x_wconf 91' lang='lat' dir='ltr'>amabo</span> 
     </span>
     <span class='ocr_line' id='line_1_22' title="bbox 187 2085 976 2171; baseline 0 -21"><span class='ocrx_word' id='word_1_134' title='bbox 187 2108 246 2150; x_wconf 91' lang='lat' dir='ltr'>nec</span> <span class='ocrx_word' id='word_1_135' title='bbox 269 2087 316 2150; x_wconf 88' lang='lat' dir='ltr'>sic</span> <span class='ocrx_word' id='word_1_136' title='bbox 339 2086 442 2149; x_wconf 90' lang='lat' dir='ltr'>enitar</span> <span class='ocrx_word' id='word_1_137' title='bbox 464 2085 587 2171; x_wconf 87' lang='lat' dir='ltr'>tragico</span> <span class='ocrx_word' id='word_1_138' title='bbox 612 2086 740 2150; x_wconf 88' lang='lat' dir='ltr'>differre</span> <span class='ocrx_word' id='word_1_139' title='bbox 763 2086 874 2169; x_wconf 87' lang='lat' dir='ltr'>colori,</span> <span class='ocrx_word' id='word_1_140' title='bbox 973 2087 976 2093; x_wconf 79' lang='grc'><em>’</em></span> 
     </span>
     <span class='ocr_line' id='line_1_23' title="bbox 187 2173 1027 2258; baseline 0.002 -19"><span class='ocrx_word' id='word_1_141' title='bbox 187 2180 224 2239; x_wconf 91' lang='lat' dir='ltr'>ut</span> <span class='ocrx_word' id='word_1_142' title='bbox 246 2175 330 2238; x_wconf 89' lang='lat' dir='ltr'>nihil</span> <span class='ocrx_word' id='word_1_143' title='bbox 354 2176 490 2252; x_wconf 85' lang='lat' dir='ltr'>intersit,</span> <span class='ocrx_word' id='word_1_144' title='bbox 513 2173 663 2238; x_wconf 83' lang='lat' dir='ltr'>Davusne</span> <span class='ocrx_word' id='word_1_145' title='bbox 686 2175 839 2258; x_wconf 92' lang='lat' dir='ltr'>loquatur</span> <span class='ocrx_word' id='word_1_146' title='bbox 862 2180 895 2240; x_wconf 91' lang='lat' dir='ltr'>et</span> <span class='ocrx_word' id='word_1_147' title='bbox 916 2177 1027 2241; x_wconf 86' lang='lat' dir='ltr'>audax</span> 
     </span>
     <span class='ocr_line' id='line_1_24' title="bbox 188 2262 1000 2349; baseline 0.002 -22"><span class='ocrx_word' id='word_1_148' title='bbox 188 2265 333 2349; x_wconf 83' lang='lat' dir='ltr'>Pythias,</span> <span class='ocrx_word' id='word_1_149' title='bbox 356 2267 505 2327; x_wconf 89' lang='lat' dir='ltr'>emuncto</span> <span class='ocrx_word' id='word_1_150' title='bbox 528 2265 652 2327; x_wconf 90' lang='lat' dir='ltr'>lucrata</span> <span class='ocrx_word' id='word_1_151' title='bbox 676 2262 807 2328; x_wconf 82' lang='lat' dir='ltr'>Simone</span> <span class='ocrx_word' id='word_1_152' title='bbox 829 2266 1000 2349; x_wconf 85' lang='lat' dir='ltr'>talentum,</span> 
     </span>
     <span class='ocr_line' id='line_1_25' title="bbox 189 2351 970 2434; baseline 0.003 -18"><span class='ocrx_word' id='word_1_153' title='bbox 189 2376 229 2418; x_wconf 92' lang='lat' dir='ltr'>an</span> <span class='ocrx_word' id='word_1_154' title='bbox 253 2358 362 2419; x_wconf 88' lang='lat' dir='ltr'>custos</span> <span class='ocrx_word' id='word_1_155' title='bbox 385 2353 589 2434; x_wconf 90' lang='lat' dir='ltr'>famulusque</span> <span class='ocrx_word' id='word_1_156' title='bbox 613 2353 664 2416; x_wconf 92' lang='lat' dir='ltr'>dei</span> <span class='ocrx_word' id='word_1_157' title='bbox 688 2351 815 2416; x_wconf 88' lang='lat' dir='ltr'>Silenus</span> <span class='ocrx_word' id='word_1_158' title='bbox 838 2354 970 2418; x_wconf 87' lang='lat' dir='ltr'>alumni.</span> 
     </span>
    </p>

    <p class='ocr_par' dir='ltr' id='par_1_9' title="bbox 135 2443 1050 2615">
     <span class='ocr_line' id='line_1_26' title="bbox 135 2443 1044 2527; baseline 0 -19"><span class='ocrx_word' id='word_1_159' title='bbox 135 2448 175 2508; x_wconf 84' lang='lat'>24&#39;0</span> <span class='ocrx_word' id='word_1_160' title='bbox 189 2464 228 2506; x_wconf 82' lang='lat' dir='ltr'>ex</span> <span class='ocrx_word' id='word_1_161' title='bbox 252 2446 329 2507; x_wconf 84' lang='lat' dir='ltr'>noto</span> <span class='ocrx_word' id='word_1_162' title='bbox 353 2443 464 2505; x_wconf 90' lang='lat' dir='ltr'>fiotum</span> <span class='ocrx_word' id='word_1_163' title='bbox 489 2463 616 2505; x_wconf 87' lang='lat' dir='ltr'>carmen</span> <span class='ocrx_word' id='word_1_164' title='bbox 639 2464 763 2526; x_wconf 85' lang='lat' dir='ltr'>sequar,</span> <span class='ocrx_word' id='word_1_165' title='bbox 785 2447 824 2506; x_wconf 88' lang='lat' dir='ltr'>ut</span> <span class='ocrx_word' id='word_1_166' title='bbox 846 2444 908 2507; x_wconf 90' lang='lat' dir='ltr'>sibi</span> <span class='ocrx_word' id='word_1_167' title='bbox 933 2444 1044 2527; x_wconf 80' lang='lat' dir='ltr'>quivis</span> 
     </span>
     <span class='ocr_line' id='line_1_27' title="bbox 189 2531 1050 2615; baseline 0.002 -20"><span class='ocrx_word' id='word_1_168' title='bbox 189 2536 295 2615; x_wconf 89' lang='lat' dir='ltr'>speret</span> <span class='ocrx_word' id='word_1_169' title='bbox 317 2531 412 2615; x_wconf 71' lang='lat' dir='ltr'>idem,</span> <span class='ocrx_word' id='word_1_170' title='bbox 436 2532 529 2595; x_wconf 90' lang='lat' dir='ltr'>sudet</span> <span class='ocrx_word' id='word_1_171' title='bbox 551 2531 691 2595; x_wconf 89' lang='lat' dir='ltr'>multum</span> <span class='ocrx_word' id='word_1_172' title='bbox 713 2531 897 2615; x_wconf 89' lang='lat' dir='ltr'>frustraque</span> <span class='ocrx_word' id='word_1_173' title='bbox 920 2533 1050 2597; x_wconf 91' lang='lat' dir='ltr'>laboret</span> 
     </span>
    </p>
   </div>
   <div class='ocr_carea' id='block_1_4' title="bbox 206 2689 568 2760">
    <p class='ocr_par' dir='ltr' id='par_1_10' title="bbox 206 2689 568 2760">
     <span class='ocr_line' id='line_1_28' title="bbox 206 2689 568 2760; baseline -0.006 -17"><span class='ocrx_word' id='word_1_174' title='bbox 206 2689 364 2759; x_wconf 52' lang='lat' dir='ltr'>&amp;aaa</span> <span class='ocrx_word' id='word_1_175' title='bbox 432 2689 568 2760; x_wconf 58' lang='lat' dir='ltr'>&lt;aaa</span> 
     </span>
    </p>
   </div>
   <div class='ocr_carea' id='block_1_5' title="bbox 134 2828 1166 3615">
    <p class='ocr_par' dir='ltr' id='par_1_11' title="bbox 134 2828 1166 3615">
     <span class='ocr_line' id='line_1_29' title="bbox 207 2828 1159 2900; baseline 0.004 -18"><span class='ocrx_word' id='word_1_176' title='bbox 207 2830 265 2884; x_wconf 80' lang='grc'>219</span> <span class='ocrx_word' id='word_1_177' title='bbox 279 2832 408 2885; x_wconf 72' lang='lat' dir='ltr'>sincello</span> <span class='ocrx_word' id='word_1_178' title='bbox 424 2833 545 2885; x_wconf 72' lang='lat' dir='ltr'>lcuzmate</span> <span class='ocrx_word' id='word_1_179' title='bbox 559 2832 681 2899; x_wconf 78' lang='lat' dir='ltr'>exempla</span> <span class='ocrx_word' id='word_1_180' title='bbox 692 2832 843 2885; x_wconf 64' lang='lat' dir='ltr'>Vaccaeos</span> <span class='ocrx_word' id='word_1_181' title='bbox 885 2828 1033 2884; x_wconf 82' lang='grc'>220-224</span> <span class='ocrx_word' id='word_1_182' title='bbox 1050 2835 1159 2900; x_wconf 87' lang='lat' dir='ltr'>specta-</span> 
     </span>
     <span class='ocr_line' id='line_1_30' title="bbox 134 2903 1159 2972; baseline 0.001 -15"><span class='ocrx_word' id='word_1_183' title='bbox 134 2906 180 2958; x_wconf 90' lang='lat' dir='ltr'>tor</span> <span class='ocrx_word' id='word_1_184' title='bbox 193 2904 225 2956; x_wconf 84' lang='lat' dir='ltr'>ob</span> <span class='ocrx_word' id='word_1_185' title='bbox 239 2920 295 2956; x_wconf 85' lang='lat' dir='ltr'>ram</span> <span class='ocrx_word' id='word_1_186' title='bbox 309 2904 441 2957; x_wconf 79' lang='lat' dir='ltr'>attulerat</span> <span class='ocrx_word' id='word_1_187' title='bbox 455 2905 479 2956; x_wconf 81' lang='lat' dir='ltr'>is</span> <span class='ocrx_word' id='word_1_188' title='bbox 493 2921 526 2957; x_wconf 80' lang='lat' dir='ltr'>aa</span> <span class='ocrx_word' id='word_1_189' title='bbox 541 2920 592 2970; x_wconf 76' lang='lat' dir='ltr'>qao</span> <span class='ocrx_word' id='word_1_190' title='bbox 606 2904 757 2956; x_wconf 76' lang='lat' dir='ltr'>hauserunt</span> <span class='ocrx_word' id='word_1_191' title='bbox 771 2903 901 2958; x_wconf 80' lang='lat' dir='ltr'>Victoria.</span> <span class='ocrx_word' id='word_1_192' title='bbox 909 2919 1024 2972; x_wconf 79' lang='lat' dir='ltr'>prumm.</span> <span class='ocrx_word' id='word_1_193' title='bbox 1033 2904 1078 2956; x_wconf 90' lang='lat' dir='ltr'>VI</span> <span class='ocrx_word' id='word_1_194' title='bbox 1084 2908 1131 2970; x_wconf 81' lang='lat'>82,</span> <span class='ocrx_word' id='word_1_195' title='bbox 1143 2908 1159 2957; x_wconf 86' lang='lat'><em>5</em></span> 
     </span>
     <span class='ocr_line' id='line_1_31' title="bbox 136 2972 1161 3044; baseline -0.001 -15"><span class='ocrx_word' id='word_1_196' title='bbox 136 2981 161 3029; x_wconf 83' lang='lat' dir='ltr'>ct</span> <span class='ocrx_word' id='word_1_197' title='bbox 179 2975 305 3028; x_wconf 79' lang='lat' dir='ltr'>Diomed.</span> <span class='ocrx_word' id='word_1_198' title='bbox 320 2992 434 3044; x_wconf 63' lang='lat' dir='ltr'>pratum.</span> <span class='ocrx_word' id='word_1_199' title='bbox 449 2975 470 3025; x_wconf 90' lang='lat' dir='ltr'><strong><em>I</em></strong></span> <span class='ocrx_word' id='word_1_200' title='bbox 485 2978 548 3039; x_wconf 79' lang='grc'><strong><em>491,</em></strong></span> <span class='ocrx_word' id='word_1_201' title='bbox 568 2979 586 3027; x_wconf 87' lang='grc'><em>8</em></span> <span class='ocrx_word' id='word_1_202' title='bbox 605 2975 739 3042; x_wconf 82' lang='lat' dir='ltr'>(corrupti</span> <span class='ocrx_word' id='word_1_203' title='bbox 756 2974 845 3042; x_wconf 84' lang='lat' dir='ltr'>codd.)</span> <span class='ocrx_word' id='word_1_204' title='bbox 908 2972 1021 3026; x_wconf 88' lang='grc'>220-</span> <span class='ocrx_word' id='word_1_205' title='bbox 1041 2975 1161 3029; x_wconf 86' lang='lat' dir='ltr'>nudavit</span> 
     </span>
     <span class='ocr_line' id='line_1_32' title="bbox 135 3044 1162 3115; baseline 0 -14"><span class='ocrx_word' id='word_1_206' title='bbox 135 3048 167 3101; x_wconf 89' lang='lat' dir='ltr'>ob</span> <span class='ocrx_word' id='word_1_207' title='bbox 186 3063 243 3099; x_wconf 80' lang='lat' dir='ltr'>rem</span> <span class='ocrx_word' id='word_1_208' title='bbox 257 3046 383 3100; x_wconf 81' lang='lat' dir='ltr'>Diomed.</span> <span class='ocrx_word' id='word_1_209' title='bbox 399 3062 511 3115; x_wconf 71' lang='lat' dir='ltr'>prumia.</span> <span class='ocrx_word' id='word_1_210' title='bbox 527 3046 548 3096; x_wconf 92' lang='grc' dir='ltr'><em>Ι</em></span> <span class='ocrx_word' id='word_1_211' title='bbox 563 3049 627 3109; x_wconf 77' lang='grc'><strong><em>487,</em></strong></span> <span class='ocrx_word' id='word_1_212' title='bbox 645 3050 679 3099; x_wconf 86' lang='grc'>17</span> <span class='ocrx_word' id='word_1_213' title='bbox 726 3044 786 3098; x_wconf 80' lang='grc'>220</span> <span class='ocrx_word' id='word_1_214' title='bbox 805 3046 837 3097; x_wconf 88' lang='lat' dir='ltr'>ob</span> <span class='ocrx_word' id='word_1_215' title='bbox 855 3061 911 3099; x_wconf 85' lang='lat' dir='ltr'>rem</span> <span class='ocrx_word' id='word_1_216' title='bbox 925 3044 998 3099; x_wconf 82' lang='lat' dir='ltr'>Seru.</span> <span class='ocrx_word' id='word_1_217' title='bbox 1010 3046 1071 3099; x_wconf 78' lang='lat' dir='ltr'>buc.</span> <span class='ocrx_word' id='word_1_218' title='bbox 1083 3050 1111 3112; x_wconf 86' lang='lat'>3,</span> <span class='ocrx_word' id='word_1_219' title='bbox 1124 3051 1162 3101; x_wconf 85' lang='lat'>20</span> 
     </span>
     <span class='ocr_line' id='line_1_33' title="bbox 136 3115 1160 3187; baseline 0 -16"><span class='ocrx_word' id='word_1_220' title='bbox 136 3118 215 3186; x_wconf 72' lang='lat' dir='ltr'>(Isia.</span> <span class='ocrx_word' id='word_1_221' title='bbox 231 3118 297 3186; x_wconf 81' lang='lat' dir='ltr'>erip.</span> <span class='ocrx_word' id='word_1_222' title='bbox 314 3122 341 3183; x_wconf 82' lang='lat'>8,</span> <span class='ocrx_word' id='word_1_223' title='bbox 358 3121 383 3182; x_wconf 81' lang='lat'>7,</span> <span class='ocrx_word' id='word_1_224' title='bbox 398 3120 425 3181; x_wconf 84' lang='lat'>5)</span> <span class='ocrx_word' id='word_1_225' title='bbox 490 3115 546 3168; x_wconf 89' lang='grc'>221</span> <span class='ocrx_word' id='word_1_226' title='bbox 566 3116 686 3169; x_wconf 86' lang='lat' dir='ltr'>nudavit</span> <span class='ocrx_word' id='word_1_227' title='bbox 703 3117 739 3186; x_wconf 99' lang='lat' dir='ltr'>Q</span> <span class='ocrx_word' id='word_1_228' title='bbox 756 3116 795 3187; x_wconf 97' lang='lat' dir='ltr'>Q</span> <span class='ocrx_word' id='word_1_229' title='bbox 812 3116 892 3170; x_wconf 79' lang='lat' dir='ltr'>schol.</span> <span class='ocrx_word' id='word_1_230' title='bbox 907 3117 969 3170; x_wconf 84' lang='lat' dir='ltr'>PV</span> <span class='ocrx_word' id='word_1_231' title='bbox 988 3116 1160 3184; x_wconf 73' lang='lat' dir='ltr'>(Victoria),</span> 
     </span>
     <span class='ocr_line' id='line_1_34' title="bbox 135 3186 1161 3258; baseline 0.001 -16"><span class='ocrx_word' id='word_1_232' title='bbox 135 3189 255 3242; x_wconf 87' lang='lat' dir='ltr'>nouauit</span> <span class='ocrx_word' id='word_1_233' title='bbox 273 3189 409 3256; x_wconf 80' lang='lat' dir='ltr'>(Diomcd.</span> <span class='ocrx_word' id='word_1_234' title='bbox 426 3189 476 3256; x_wconf 81' lang='lat' dir='ltr'>bis)</span> <span class='ocrx_word' id='word_1_235' title='bbox 532 3186 590 3240; x_wconf 94' lang='grc'>222</span> <span class='ocrx_word' id='word_1_236' title='bbox 609 3187 702 3241; x_wconf 88' lang='lat' dir='ltr'>iocum</span> <span class='ocrx_word' id='word_1_237' title='bbox 720 3186 808 3258; x_wconf 90' lang='lat' dir='ltr'>QQ</span> <span class='ocrx_word' id='word_1_238' title='bbox 822 3188 980 3256; x_wconf 78' lang='lat' dir='ltr'>(Victoria.)</span> <span class='ocrx_word' id='word_1_239' title='bbox 998 3189 1082 3243; x_wconf 80' lang='lat' dir='ltr'>schol.</span> <span class='ocrx_word' id='word_1_240' title='bbox 1098 3190 1161 3255; x_wconf 83' lang='lat' dir='ltr'>PV,</span> 
     </span>
     <span class='ocr_line' id='line_1_35' title="bbox 135 3257 1161 3330; baseline 0.001 -17"><span class='ocrx_word' id='word_1_241' title='bbox 135 3261 228 3313; x_wconf 90' lang='lat' dir='ltr'>locum</span> <span class='ocrx_word' id='word_1_242' title='bbox 248 3262 325 3314; x_wconf 78' lang='lat' dir='ltr'>Bdrr</span> <span class='ocrx_word' id='word_1_243' title='bbox 344 3261 491 3327; x_wconf 80' lang='lat' dir='ltr'>(Diomcd.)</span> <span class='ocrx_word' id='word_1_244' title='bbox 555 3258 613 3312; x_wconf 85' lang='grc'>223</span> <span class='ocrx_word' id='word_1_245' title='bbox 631 3259 783 3313; x_wconf 86' lang='lat' dir='ltr'>Inlecebris</span> <span class='ocrx_word' id='word_1_246' title='bbox 801 3259 837 3329; x_wconf 95' lang='lat' dir='ltr'>Q</span> <span class='ocrx_word' id='word_1_247' title='bbox 856 3257 992 3327; x_wconf 81' lang='lat' dir='ltr'>(Diomcd.</span> <span class='ocrx_word' id='word_1_248' title='bbox 1014 3260 1161 3330; x_wconf 65' lang='lat' dir='ltr'>Victoria.)</span> 
     </span>
     <span class='ocr_line' id='line_1_36' title="bbox 136 3328 1166 3401; baseline 0 -16"><span class='ocrx_word' id='word_1_249' title='bbox 136 3333 215 3385; x_wconf 77' lang='lat' dir='ltr'>sciaol.</span> <span class='ocrx_word' id='word_1_250' title='bbox 235 3333 305 3397; x_wconf 82' lang='lat' dir='ltr'>PV,</span> <span class='ocrx_word' id='word_1_251' title='bbox 333 3330 484 3384; x_wconf 87' lang='lat' dir='ltr'>Incclebris</span> <span class='ocrx_word' id='word_1_252' title='bbox 502 3330 541 3401; x_wconf 97' lang='lat' dir='ltr'>Q</span> <span class='ocrx_word' id='word_1_253' title='bbox 613 3328 671 3384; x_wconf 81' lang='grc'>224</span> <span class='ocrx_word' id='word_1_254' title='bbox 695 3330 775 3384; x_wconf 82' lang='lat' dir='ltr'>exlex</span> <span class='ocrx_word' id='word_1_255' title='bbox 796 3332 851 3400; x_wconf 80' lang='lat' dir='ltr'>frp.</span> <span class='ocrx_word' id='word_1_256' title='bbox 871 3331 940 3384; x_wconf 83' lang='lat' dir='ltr'>Bab.</span> <span class='ocrx_word' id='word_1_257' title='bbox 959 3348 1077 3401; x_wconf 76' lang='lat' dir='ltr'>yramm.</span> <span class='ocrx_word' id='word_1_258' title='bbox 1103 3332 1166 3386; x_wconf 89' lang='lat' dir='ltr'>VII</span> 
     </span>
     <span class='ocr_line' id='line_1_37' title="bbox 138 3400 1161 3472; baseline -0.002 -16"><span class='ocrx_word' id='word_1_259' title='bbox 138 3407 201 3467; x_wconf 72' lang='lat'><strong><em>542,</em></strong></span> <span class='ocrx_word' id='word_1_260' title='bbox 219 3406 257 3457; x_wconf 83' lang='lat'>25</span> <span class='ocrx_word' id='word_1_261' title='bbox 330 3401 387 3455; x_wconf 85' lang='grc'>226</span> <span class='ocrx_word' id='word_1_262' title='bbox 410 3404 453 3455; x_wconf 88' lang='lat' dir='ltr'>ita</span> <span class='ocrx_word' id='word_1_263' title='bbox 475 3405 585 3455; x_wconf 87' lang='lat' dir='ltr'>uertere</span> <span class='ocrx_word' id='word_1_264' title='bbox 603 3403 640 3472; x_wconf 95' lang='lat' dir='ltr'>Q</span> <span class='ocrx_word' id='word_1_265' title='bbox 657 3401 707 3472; x_wconf 82' lang='grc' dir='ltr'>Θ,</span> <span class='ocrx_word' id='word_1_266' title='bbox 737 3404 864 3455; x_wconf 85' lang='lat' dir='ltr'>auertere</span> <span class='ocrx_word' id='word_1_267' title='bbox 883 3400 942 3456; x_wconf 78' lang='lat' dir='ltr'>Bo</span> <span class='ocrx_word' id='word_1_268' title='bbox 1012 3401 1073 3455; x_wconf 78' lang='lat'>280</span> <span class='ocrx_word' id='word_1_269' title='bbox 1093 3403 1161 3456; x_wconf 88' lang='lat' dir='ltr'>dum</span> 
     </span>
     <span class='ocr_line' id='line_1_38' title="bbox 135 3471 1163 3544; baseline 0.001 -17"><span class='ocrx_word' id='word_1_270' title='bbox 135 3475 172 3544; x_wconf 94' lang='lat' dir='ltr'>Q</span> <span class='ocrx_word' id='word_1_271' title='bbox 184 3473 223 3544; x_wconf 97' lang='lat' dir='ltr'>Q</span> <span class='ocrx_word' id='word_1_272' title='bbox 235 3474 315 3527; x_wconf 78' lang='lat' dir='ltr'>schol.</span> <span class='ocrx_word' id='word_1_273' title='bbox 327 3478 359 3538; x_wconf 93' lang='grc' dir='ltr'>Γ,</span> <span class='ocrx_word' id='word_1_274' title='bbox 378 3492 446 3526; x_wconf 91' lang='lat' dir='ltr'>num</span> <span class='ocrx_word' id='word_1_275' title='bbox 461 3475 519 3528; x_wconf 81' lang='grc' dir='ltr'>ΒΟ</span> <span class='ocrx_word' id='word_1_276' title='bbox 553 3472 610 3526; x_wconf 74' lang='grc'>235</span> <span class='ocrx_word' id='word_1_277' title='bbox 625 3473 739 3540; x_wconf 86' lang='lat' dir='ltr'>pisones</span> <span class='ocrx_word' id='word_1_278' title='bbox 752 3474 789 3543; x_wconf 98' lang='lat' dir='ltr'>Q</span> <span class='ocrx_word' id='word_1_279' title='bbox 801 3473 852 3544; x_wconf 85' lang='grc' dir='ltr'>Θ,</span> <span class='ocrx_word' id='word_1_280' title='bbox 871 3471 978 3540; x_wconf 88' lang='lat' dir='ltr'>pisonis</span> <span class='ocrx_word' id='word_1_281' title='bbox 995 3476 1018 3525; x_wconf 91' lang='grc' dir='ltr'><strong><em>Φ</em></strong></span> <span class='ocrx_word' id='word_1_282' title='bbox 1058 3473 1116 3528; x_wconf 82' lang='grc'>237</span> <span class='ocrx_word' id='word_1_283' title='bbox 1133 3477 1163 3528; x_wconf 89' lang='lat' dir='ltr'>et</span> 
     </span>
     <span class='ocr_line' id='line_1_39' title="bbox 137 3543 911 3615; baseline 0 -19"><span class='ocrx_word' id='word_1_284' title='bbox 137 3543 231 3597; x_wconf 85' lang='lat' dir='ltr'>audax</span> <span class='ocrx_word' id='word_1_285' title='bbox 250 3544 308 3599; x_wconf 83' lang='lat' dir='ltr'>BC</span> <span class='ocrx_word' id='word_1_286' title='bbox 324 3546 439 3611; x_wconf 72' lang='lat' dir='ltr'>Bland,</span> <span class='ocrx_word' id='word_1_287' title='bbox 458 3561 519 3615; x_wconf 81' lang='lat' dir='ltr'>erpo</span> <span class='ocrx_word' id='word_1_288' title='bbox 537 3545 574 3614; x_wconf 93' lang='lat' dir='ltr'>Q</span> <span class='ocrx_word' id='word_1_289' title='bbox 591 3544 642 3615; x_wconf 92' lang='grc' dir='ltr'>Θ,</span> <span class='ocrx_word' id='word_1_290' title='bbox 661 3561 699 3597; x_wconf 92' lang='lat' dir='ltr'>au</span> <span class='ocrx_word' id='word_1_291' title='bbox 717 3546 811 3598; x_wconf 85' lang='lat' dir='ltr'>audax</span> <span class='ocrx_word' id='word_1_292' title='bbox 829 3544 911 3599; x_wconf 77' lang='grc' dir='ltr'>αΒΦ</span> 
     </span>
    </p>
   </div>
   <div class='ocr_carea' id='block_1_6' title="bbox 0 0 1210 3968">
    <p class='ocr_par' dir='ltr' id='par_1_12' title="bbox 0 0 1210 3968">
     <span class='ocr_line' id='line_1_40' title="bbox 0 0 1210 3968; baseline 0 0"><span class='ocrx_word' id='word_1_293' title='bbox 0 0 1210 3968; x_wconf 95' lang='lat' dir='ltr'> </span> 
     </span>
    </p>
   </div>
  </div>
 </body>
</html>
