2386 3974
83 199 148 262 194
498 197 604 252 SERM.
623 197 636 250 I
655 203 679 252 6.

135 346 187 410 rel
210 346 335 427 merito,
359 345 511 427 quoniam
534 345 570 407 in
591 345 724 429 propria
745 364 812 408 non
830 342 911 427 pelle
927 342 1038 427 quiessem

136 433 191 498 sed
215 432 360 520 fulgente
384 432 485 498 trahit
508 434 699 499 constrictos
725 431 836 498 Gloria
859 454 946 498 cmm

136 546 201 588 non
225 522 331 587 minus
355 523 485 606 ignotos
510 522 683 608 generosis.
730 544 794 606 quo
817 522 892 606 tibi,
912 520 983 603 Tilli,

96 638 121 678 ss
137 633 262 676 sumere
285 611 468 695 depositum
491 611 615 676 clavom
638 612 773 696 fierique
796 610 942 676 tribuno?

138 701 258 765 invidie
282 701 438 784 adcrevit,
462 701 589 785 privato
615 723 696 785 quae
719 701 827 764 minor
850 704 934 766 esset

136 813 212 855 nam
233 793 268 855 ut
286 790 422 874 quisque
442 790 573 856 insanus
591 791 693 876 nigris
708 791 851 854 medium
866 787 1040 874 impeditam

137 879 278 966 pellibus
302 883 334 943 et
356 879 460 944 latum
484 879 613 943 demisit
635 884 766 963 pectore
790 881 925 962 clavom,

138 969 228 1033 audit
245 969 399 1034 continuo
419 969 503 1052 ‘quis
522 969 620 1033 homo
640 967 704 1033 hic'
725 971 758 1032 et
778 969 854 1052 ‘quo
868 956 1040 1052 paneam?

97 1084 124 1124 so
137 1062 174 1122 ut
197 1057 282 1141 siqui
306 1061 451 1143 aegrotet
464 1080 537 1142 ·quo
562 1057 675 1122 morbo
698 1057 833 1142 Bamns,
858 1055 960 1122 haberi

137 1150 170 1211 et
193 1148 302 1231 cupiat
324 1148 500 1231 formosus,
525 1150 576 1211 eat
600 1168 815 1232 quacumque,
838 1145 949 1230 puellis

139 1236 250 1301 iniciat
272 1259 383 1302 curam
407 1236 581 1320 quaerendi
604 1237 745 1322 singula,
769 1235 859 1320 quali

138 1326 181 1392 sit
203 1326 297 1410 facie,
322 1348 396 1390 sura
420 1326 521 1410 quali,
544 1325 637 1410 pede,
661 1324 768 1409 dente,
792 1323 923 1410 capillo:

139 1415 185 1480 sic
208 1415 264 1499 qui
287 1415 451 1499 promittit
474 1414 567 1499 civiS,
589 1413 711 1479 Vrbem
735 1414 799 1478 sibi
822 1436 928 1497 curae,

98 1529 124 1571 se
139 1505 311 1589 imperium
334 1505 403 1569 fore
427 1508 460 1568 et
482 1503 624 1589 Italiam,
648 1503 783 1568 delubra
805 1503 950 1586 deorum,

139 1615 203 1678 quo
228 1596 318 1678 patre
343 1594 386 1658 sit
408 1597 518 1678 natus,
540 1616 618 1657 num
641 1593 755 1679 ignota
778 1596 881 1657 matre
904 1589 1053 1665 inlinens

140 1683 245 1747 omnis
268 1682 414 1747 mortalis
439 1704 551 1748 curare
574 1686 607 1747 et
630 1702 783 1766 quaerere
807 1682 904 1768 cogit.

141 1773 241 1852 tune,
266 1770 351 1856 Syri,
374 1770 496 1836 Damae
519 1775 576 1836 aut
597 1770 734 1856 Dionysi
756 1771 861 1856 filius,
883 1771 974 1836 eudes

139 1861 259 1926 deicere
284 1861 321 1925 de
345 1883 420 1926 saxo
446 1862 524 1925 civis
547 1864 602 1925 ant
624 1860 748 1925 tradere
773 1858 924 1925 Cadmol'

100 1977 127 2016 eo
142 1952 187 2015 ‘at
209 1949 334 2015 Novius
358 1950 483 2035 collega·
506 1950 608 2034 gradu
631 1954 706 2033 post
729 1971 781 2014 me
805 1949 895 2015 sedet
916 1970 987 2014 uno:

140 2063 274 2120 namque
289 2044 337 2104 est
352 2039 416 2123 ille,
429 2043 522 2123 pater
532 2044 617 2123 quod
627 2043 695 2103 erat
705 2040 812 2104 meus'
834 2030 1058 2104 ‘hoctibiPmld

141 2133 173 2192 et
195 2128 347 2193 Messalla
370 2127 508 2193 videris?
554 2137 587 2193 at
608 2128 675 2212 hic,
699 2128 726 2191 si
749 2125 872 2211 plostra
894 2127 1019 2193 ducente

142 2221 397 2300 concurrantque
420 2218 491 2281 foro
516 2219 578 2282 tria
600 2218 726 2300 funera,
749 2239 868 2302 magna
890 2215 1009 2282 sonabit

143 2329 264 2372 cornua
283 2307 368 2391 qnod
388 2306 558 2390 vincatque
577 2307 686 2371 tubas:
710 2308 823 2371 saltem
842 2309 930 2371 tenet
946 2305 1003 2372 hoe
1015 2320 1058 2368 nos

102 2423 128 2462 a
186 2419 274 2462 nunc
297 2396 337 2459 ad
359 2418 411 2459 me
434 2397 528 2461 redeo
552 2397 704 2460 libertino
728 2399 820 2479 patre
844 2399 968 2482 natum,

143 2508 239 2569 quem
261 2485 381 2549 rodunt
404 2506 514 2549 omnes
537 2485 690 2549 libertino
713 2487 955 2569 patronatum,

159 2698 354 2768 (macne
422 2696 559 2769 omno

163 2872 202 2928 24
222 2873 280 2927 tilli
298 2875 334 2944 Q
351 2873 402 2945 Q,
426 2873 491 2928 tulli
510 2875 569 2940 ln,-
593 2875 657 2928 item
676 2877 730 2928 107
802 2872 841 2926 26
861 2874 896 2940 cf.
918 2874 1003 2930 ΟΜ
1017 2869 1058 2941 ομ]

92 2950 193 3013 417,8
219 2945 329 2998 Invidia
353 2946 439 2999 crevit
530 2944 566 2998 27
591 2945 759 3013 impediit3
782 2945 841 3000 Por
859 2946 885 2998 o.
906 2946 936 3015 (i.
953 2941 1058 3000 aad?

87 3022 178 3086 p77,
199 3018 257 3084 17),
286 3016 424 3086 impediet
441 3017 478 3087 Q
495 3016 533 3088 Q
561 3017 643 3084 (deest
665 3016 716 3085 ΕΙ)
807 3015 825 3069 2
870 3012 1033 3085 demisitQ

92 3089 202 3142 dimisit
221 3089 289 3143 DE
359 3087 397 3141 29
417 3089 499 3159 etQ
516 3087 567 3160 Q,
591 3090 635 3142 est
653 3087 743 3142 aDE
761 3088 903 3156 (Biana),
927 3086 1017 3142 auce
1055 3150 1058 3159 ς

91 3160 132 3214 30
151 3160 250 3213 barrus
263 3159 359 3231 QQ,
378 3175 476 3212 narnis
493 3163 530 3225 Φ,
548 3162 662 3214 corlant
675 3166 700 3214 ct
712 3160 877 3214 scholiorum
895 3159 972 3215 codd.
1011 3153 1058 3235 ⁸¹:

91 3233 128 3303 Q
140 3238 172 3297 ᾧ
189 3232 315 3302 (Blood.)
331 3232 431 3300 Porph.
447 3233 477 3299 (i.
489 3232 569 3285 schol.
580 3233 642 3286 PV
652 3248 681 3300 p.
699 3234 744 3296 78,
762 3232 801 3296 2),
819 3229 860 3284 vt
873 3231 905 3286 Η
952 3228 989 3284 82
1005 3224 1058 3280 Inic

90 3304 126 3373 Q
146 3309 178 3369 tl)
205 3304 308 3372 Porpla
328 3305 356 3370 (i.
376 3303 456 3357 schol.
477 3302 563 3371 PV),
590 3301 705 3355 Inliciat
733 3300 844 3357 ccota
936 3300 972 3355 8⁷
995 3296 1058 3369 σοίῆ

92 3375 225 3443 (Poma),
245 3376 327 3444 coget
348 3373 424 3444 OQ,
444 3375 528 3440 cogat
594 3373 632 3445 Q
690 3371 1009 3428 essecommoda
1024 3381 1058 3424 ool

93 3447 148 3501 tivo
163 3447 251 3500 Prisc.
264 3449 340 3511 18,4
354 3463 384 3514 p.
400 3449 463 3511 211,
479 3450 515 3499 16
575 3443 757 3515 tdeQQ,
777 3460 824 3504 ee
865 3437 1058 3519 41-2,7,1:

88 3519 233 3653 pprieroat
250 3519 282 3570 io
302 3518 339 3583 0;
368 3516 558 3587 [Q:aDE]
641 3514 678 3568 lc
697 3517 796 3568 natum
813 3516 852 3586 Q
868 3515 920 3588 Q,
945 3516 1023 3568 natm
1037 3527 1058 3565 a

92 3605 127 3642 c.
146 3605 170 3642 o.
191 3592 208 3641 6
