2400 3968
470 220 578 276 GARM.
593 223 607 276 1
621 227 663 277 aa.
679 228 720 276 24.

536 383 655 451 XXIII.

291 509 385 574 Vitas
409 509 562 574 hinnuleo
586 532 637 574 me
661 510 789 594 similis,
814 509 928 594 Chloe,

292 600 458 683 quaerenti
481 599 631 682 pavidam
654 600 819 664 montibus
842 600 925 667 aviis

336 692 472 752 matrem
494 711 561 753 non
584 689 651 752 sine
674 711 757 753 vano

384 800 534 841 aurarum
558 782 590 841 et
612 777 712 842 siluae
736 781 833 843 metu.

291 977 366 1019 nam
390 977 447 1020 seu
469 955 644 1021 mobilibus
666 956 773 1039 vepris
796 954 959 1021 inhorruit

292 1045 330 1109 od
354 1049 486 1108 ventum
509 1043 597 1109 foliis
621 1066 676 1108 seu
700 1044 818 1109 virides
840 1045 958 1111 rubum

336 1133 497 1198 dimovere
520 1133 671 1217 lacertae,

380 1227 413 1286 et
436 1223 530 1287 corde
555 1227 587 1286 et
609 1222 745 1308 genibus
769 1224 887 1288 tremit.

291 1402 382 1485 atqui
405 1423 471 1466 non
493 1422 553 1486 ego
577 1404 609 1463 te
631 1400 725 1486 tigris
747 1405 786 1464 ut
808 1423 921 1486 aspera

292 1489 486 1554 Gaetulusve
508 1488 559 1554 leo
582 1490 729 1576 frangere
752 1511 941 1574 persequor:

335 1579 465 1644 tandem
488 1579 597 1643 desine
619 1584 755 1643 matrem

379 1668 571 1752 tempestiva
594 1670 684 1752 sequi
707 1669 786 1734 viro.

527 2005 664 2071 XXIIII.

244 2130 323 2208 Quis
346 2131 502 2196 desiderio
527 2132 570 2195 sit
591 2132 697 2216 pudor
719 2137 776 2196 aut
799 2132 913 2197 modus

242 2224 309 2285 tam
333 2221 399 2285 cari
422 2220 558 2304 eapitis?
603 2221 751 2304 praecipe
774 2221 922 2306 lugubris

242 2316 368 2392 cantus,
391 2308 606 2394 Melpomene,
631 2310 682 2373 eui
704 2310 861 2394 liquidem
884 2315 978 2395 pater

288 2420 397 2464 voeem
423 2422 496 2463 oum
520 2399 643 2464 eithara
665 2399 760 2465 dedit.

243 2598 320 2663 ergo
344 2575 537 2653 Quintilium
560 2582 733 2661 perpetuos
757 2600 854 2660 sopor

241 2666 357 2751 urget?
404 2666 456 2730 eui
477 2666 586 2732 Pudor
610 2672 642 2731 et
664 2667 811 2732 Iustitiae
835 2689 926 2732 soror

242 2757 428 2838 inoonupta
450 2755 544 2819 Fides
567 2757 716 2840 nudaque
738 2755 866 2820 Veritas

283 2845 410 2928 quando
434 2843 538 2908 ullum
561 2846 702 2909 inveniet
724 2846 856 2928 parem?

157 3020 367 3090 &Anzan
436 3019 573 3091 anno

158 3179 195 3234 28
224 3180 238 3233 l
260 3180 341 3234 Vitas
365 3197 457 3236 comm.
479 3180 560 3249 Orno.
581 3182 627 3248 (of.
648 3181 685 3234 ad
705 3180 810 3235 Chloen
830 3223 836 3234 .
853 3223 858 3235 .
875 3222 881 3234 .
901 3180 986 3235 scribi

87 3253 173 3322 Ar),
191 3215 272 3306 litat
285 3253 321 3322 (D
334 3251 373 3323 Θ
391 3252 515 3321 (maria)
619 3251 637 3305 5
652 3252 743 3320 vepris
765 3253 913 3322 Goyaoius,
931 3253 986 3308 veri

88 3323 217 3391 (Blaod.)
245 3325 345 3391 Porph.
371 3356 400 3395 -14
456 3322 492 3375 ad
520 3323 635 3375 ventum
663 3326 804 3390 Muretus,
831 3323 976 3378 Adventus

88 3395 218 3520 (TBlabnd.)
233 3396 335 3463 Porph.
342 3395 402 3465 33&
411 3394 447 3449 11
464 3393 608 3447 desine-
623 3394 681 3448 viro
701 3395 733 3450 ob
752 3395 920 3464 tempestiva
936 3397 986 3451 soh

115 3467 147 3520 he
165 3471 205 3520 .9
231 3470 286 3521 825
457 3519 461 3527 .

159 3507 213 3608 24}
242 3537 259 3591 ὅ
288 3536 362 3606 Ergo
395 3568 429 3576 -
461 3538 545 3606 urget
572 3537 604 3590 ob
634 3536 800 3605 Quintilium
827 3537 901 3592 Sero.
925 3538 983 3592 bue.

86 3605 105 3660 6
123 3607 251 3663 iustitiae
269 3609 305 3680 Θ
322 3607 361 3680 Θ
377 3609 458 3679 schol.
473 3610 537 3674 ΑΓ,
556 3607 667 3662 iustitia
685 3610 714 3662 et
729 3609 890 3663 Waddeliua
