2400 3968
92 235 159 298 264
509 234 620 291 EPIST.
640 235 653 287 Ι
672 240 695 289 1,

143 403 216 445 cum
239 379 410 465 Zephyris,
433 381 461 445 si
484 381 653 463 concedes,
677 385 709 445 et
731 381 908 445 hirundine
931 383 1040 465 prima.
1138 436 1141 447 .

144 491 210 534 non
234 492 297 553 quo
321 492 410 534 more
432 471 514 554 piris
536 471 623 535 vesci
648 468 784 534 Calaber
806 470 900 535 iubet
921 469 1036 554 hospes

104 584 128 625 1
142 563 179 623 tu
202 581 253 622 me
274 558 382 623 fecisti
403 560 611 643 locupletem:
636 560 789 644 ε1111111,
812 559 921 624 sodes'

144 649 220 711 ‘iam
244 649 323 712 setis
347 649 407 712 est’
432 647 546 732 ε11111,
571 653 729 732 quantum
750 649 811 732 ris,
834 648 928 714 tolle'
954 648 1098 736 ‘benigne'

145 738 221 802 ‘non
244 736 349 801 invisa
370 738 454 802 feres
476 738 586 821 pueris
608 736 802 802 munuscula
823 739 949 821 parris’

144 827 221 890 ‘tam
245 831 356 892 teneor
381 826 479 911 dono,
503 849 602 909 quarn
625 827 654 891 si
677 825 823 892 dimittar
846 829 998 891 onustus’

146 916 194 978 ‘ut
216 915 310 979 libet:
332 915 412 980 haec
434 917 542 1000 porcis
564 916 661 981 hodie
684 915 881 981 comedenda
904 916 1080 1001 relinques?

104 1031 130 1070 so
144 1004 301 1089 prodigus
324 1009 357 1068 et
381 1005 500 1068 stultus
524 1006 623 1071 donat
646 1026 727 1089 quae
751 1005 877 1089 spernit
899 1010 934 1068 et
958 1006 1039 1071 odit:

144 1093 223 1158 haec
247 1115 338 1178 seges
361 1093 507 1179 ingratos
529 1094 608 1158 tulit
631 1095 768 1158 atteret
791 1093 945 1159 omnibus
970 1096 1066 1160 annis.

142 1181 320 1248 virbonus
344 1187 376 1247 et
399 1184 527 1267 sapiens
551 1183 659 1270 dignis
683 1183 730 1248 ait
752 1204 822 1247 esse
845 1187 983 1267 paratus

142 1294 200 1335 nec
224 1275 332 1335 tamen
354 1272 496 1358 ignorat,
520 1273 597 1356 quid
622 1273 743 1338 distent
766 1293 839 1336 aera
861 1273 1011 1357 lupiniss

144 1361 277 1445 dignum
300 1361 471 1443 praestabo
495 1384 546 1425 me
570 1362 668 1426 etiarn
691 1384 751 1446 pro
774 1360 870 1426 laude
893 1362 1055 1426 merentis.

102 1474 128 1514 as
145 1450 261 1532 quodsi
285 1471 336 1513 me
358 1451 450 1514 noles
473 1473 611 1535 usquam
634 1451 808 1535 discedere,
831 1451 948 1515 reddes

142 1539 226 1602 forte
249 1538 347 1622 latus,
370 1540 481 1625 nigros
505 1543 643 1625 angusta
664 1541 772 1605 fronte
795 1539 947 1624 capillos,

141 1628 254 1692 reddes
279 1627 370 1691 dulce
393 1628 500 1713 loqui,
522 1628 635 1694 reddes
658 1629 762 1693 ridere
786 1628 940 1693 decorum
964 1634 997 1694 et

141 1717 226 1780 inter
248 1717 324 1782 vina
345 1718 457 1803 fugam
481 1716 616 1782 Cinarae
639 1739 780 1782 maerere
802 1720 985 1800 protervae.

142 1807 226 1871 forte
248 1829 306 1890 per
329 1812 500 1892 angustam
524 1805 631 1871 tenuis
654 1805 823 1891 volpecula
845 1805 965 1870 rimam

102 1921 128 1960 so
143 1900 286 1978 repserat
309 1895 344 1958 in
367 1918 529 1960 cumeram
552 1895 720 1981 frumenti,
743 1898 902 1979 pastaque
925 1917 1041 1960 rursus

142 1984 189 2048 ire
211 1985 299 2049 foras
322 1984 418 2067 pleno
441 1986 594 2049 tendebat
616 2007 750 2069 corpore
772 1985 902 2048 frustra.

143 2074 195 2137 oui
217 2074 356 2137 mustela
378 2074 493 2157 procul
517 2075 557 2138 ‘si
579 2074 640 2139 vis'
665 2074 711 2138 ait
735 2074 887 2158 ‘effugere
909 2073 1023 2159 istinc,

142 2185 250 2226 macra
273 2184 384 2227 cavom
407 2167 532 2247 repetes
556 2167 676 2248 artum,
700 2185 795 2247 quem
818 2183 927 2226 macra
951 2163 1088 2227 subisti?

141 2251 201 2315 hae
225 2274 285 2337 ego
309 2253 336 2314 si
360 2253 526 2336 conpellor
549 2252 702 2339 imagine,
726 2256 841 2316 cuncta
864 2250 1011 2338 resigno:

102 2367 127 2406 ss
141 2362 200 2404 neo
224 2363 374 2404 somnum
396 2341 501 2426 plebis
523 2341 619 2405 laudo
644 2346 734 2405 satur
757 2341 897 2405 altilium
920 2363 982 2405 nec

143 2429 210 2494 otia
233 2430 356 2494 divitiis
380 2429 525 2495 Arabum
547 2431 714 2495 liberrime
736 2435 836 2495 muto.

160 2570 293 2639 Qun
362 2571 500 2642 Quo

161 2693 198 2746 19
223 2694 366 2762 relinques
389 2696 426 2765 Q
442 2695 493 2767 Q,
520 2694 657 2763 relinquis
681 2696 745 2750 Fit
817 2694 853 2748 21
878 2696 911 2750 ob
935 2711 1018 2764 seges
1038 2695 1106 2751 Sero.

88 2766 157 2819 Aeo.
177 2768 208 2832 3,
231 2771 285 2821 142
343 2767 470 2835 ingratos
499 2768 555 2837 (-to
579 2769 608 2834 d)
636 2767 673 2836 Q
694 2767 733 2838 Q
760 2767 870 2837 (Sem),
902 2766 1025 2836 ingratis
1050 2767 1107 2820 Fu

88 2836 126 2890 22
151 2837 183 2891 ob
206 2854 276 2892 1111.
302 2856 323 2892 c.
348 2838 401 2903 ires.
427 2840 533 2894 Charis.
552 2856 665 2909 prauam.
681 2841 703 2893 I
715 2842 814 2905 acm
837 2838 912 2893 Seru.
931 2839 1038 2892 Aea.2
1057 2840 1107 2893 377

143 2909 184 2961 ait
206 2909 242 2978 Q
259 2909 297 2979 Q
320 2910 399 2964 schol.
419 2914 451 2975 Γ,
481 2910 542 2978 agit
560 2910 647 2964 Fue
719 2908 756 2964 25
784 2910 863 2963 noles
881 2909 929 2979 Q,
964 2908 1107 2981 nollesQ

88 2979 125 3033 28
159 2979 294 3050 einar(a)e
321 2984 413 3049 torae
441 2982 483 3050 E)
511 2982 548 3051 Q
564 2980 615 3052 Q,
658 2980 793 3050 cinyr(a)e
819 2981 860 3036 cel
887 2980 964 3034 -irae
992 2981 1058 3036 Fal

88 3050 126 3104 29
149 3052 234 3105 Forte
253 3050 440 3105 —frumenti
463 3054 496 3106 ob
517 3068 630 3106 cumera
648 3054 728 3107 schol.
747 3052 809 3106 PV
823 3053 861 3106 ad
877 3069 956 3106 serm.
973 3057 1002 3119 1,
1022 3059 1056 3120 1,
1075 3055 1107 3106 53

141 3121 293 3191 uulpecula
309 3123 392 3195 QQ
408 3125 509 3192 Porpt.
526 3124 574 3190 (ad
587 3141 612 3177 o.
622 3125 649 3192 1)
668 3125 826 3192 (schol.PV
839 3123 877 3178 od
892 3139 972 3178 serm
983 3129 1010 3189 1,
1026 3129 1052 3190 1,
1066 3125 1107 3191 53)

88 3196 160 3264 Auy.
182 3212 203 3248 c.
223 3195 424 3261 1111111128
438 3214 468 3264 p.
482 3200 546 3262 509,
561 3199 578 3248 4
600 3195 695 3265 Zyclra
714 3196 790 3264 (tede
808 3195 876 3250 Isioi.
896 3195 964 3264 erip.
982 3200 1008 3261 1,
1022 3200 1069 3262 40,
1083 3197 1106 3262 6)

89 3266 184 3334 Cyrtii.
204 3267 310 3336 apotoy.
329 3270 422 3332 2,11;
440 3267 474 3332 ef.
495 3268 574 3321 Hier.
589 3269 665 3335 epist.
680 3271 725 3333 79,
740 3270 757 3320 3
771 3283 801 3334 p.
818 3270 874 3320 726
894 3266 1009 3336 Mipae:
1027 3267 1108 3320 docet

88 3339 116 3390 et
143 3337 270 3406 Aesopi
302 3337 414 3404 fabula,
446 3337 562 3406 plenum
590 3337 694 3390 muris
722 3340 848 3392 ventrem
875 3353 927 3405 per
955 3339 1106 3408 angustum

86 3407 214 3462 foramen
237 3409 334 3478 egredi
354 3426 410 3462 non
429 3409 535 3476 valere;
564 3411 678 3464 coniecit
695 3409 824 3463 nitedula
842 3410 974 3480 Bentley,
998 3416 1030 3465 at
1047 3426 1106 3464 coe·

86 3480 254 3534 eludendam
290 3487 349 3534 erat
384 3497 470 3551 penas
501 3483 623 3535 muriam
653 3482 803 3551 aprestium
834 3481 993 3549 rutpreculas
1025 3481 1107 3548 fuisse

87 3551 241 3619 appellatos
283 3567 426 3604 cumeram
444 3552 480 3621 Q
492 3551 531 3622 Q
544 3553 647 3619 Porpt.
665 3553 746 3607 schol.
761 3553 819 3605 PV
833 3552 870 3606 od
888 3568 967 3606 serm
983 3557 1009 3619 1,
1025 3558 1051 3618 1,
1065 3555 1106 3616 53,

88 3637 227 3675 cameram
247 3639 286 3681 πς
340 3622 475 3677 frumenti
492 3623 529 3693 Q
546 3623 584 3694 Q
602 3624 718 3692 Porpt„
737 3621 877 3692 pulmenti
896 3623 1028 3678 Hauttat
