2400 3968
87 189 153 254 236
496 187 603 242 suan.
622 186 649 240 11
667 192 691 241 a.

141 335 187 400 sic
210 334 272 399 tibi
294 334 454 418 Penelope
477 334 565 420 frugi
588 337 650 418 est3
673 355 754 418 quac
778 334 807 398 si
831 335 932 400 semel
953 357 1019 401 uno
1131 384 1133 401 .

141 426 179 488 de
203 446 277 489 senc
300 423 439 510 gustarit
462 428 568 490 tecum
592 423 712 506 partita
733 424 904 508 lucellum,

140 518 177 578 ut
200 515 287 578 canis
311 536 329 576 a
353 513 440 579 corio
464 535 641 596 numquam
664 513 898 578 absterrebitur
919 518 1027 579 uncto.

140 624 192 667 me
206 625 280 668 sene
295 604 381 686 quod
396 602 500 666 dicam
514 603 636 666 factum
651 606 710 668 est,
737 624 817 668 anus
832 602 972 688 inproba
985 603 1090 668 Thebis

100 718 126 760 aa
141 715 180 756 ex
202 696 395 757 testamento
420 692 466 757 sic
489 696 539 757 est
562 693 657 756 elata:
681 693 815 757 cadaver

139 784 273 846 unctum
297 783 367 846 oleo
390 782 481 866 largo
504 781 599 845 nudis
622 781 741 847 umeris
764 781 841 846 tulit
863 779 971 865 heres,

141 871 263 936 scilicet
286 870 370 935 elabi
394 871 420 935 si
445 874 555 954 posset
576 874 716 955 mortua3
740 871 849 954 crede,

141 961 227 1044 quod
250 961 386 1024 nimium
410 960 572 1024 institerat
594 959 725 1024 viventi.
770 964 884 1025 cautus
909 960 997 1024 adito

140 1072 202 1113 neu
227 1049 310 1114 desis
334 1070 449 1133 operae
471 1071 551 1113 neve
575 1048 791 1114 inmoderatus
816 1048 970 1114 abundes.
1131 1100 1133 1105 .

101 1167 127 1206 eo
141 1139 307 1204 difficilem
331 1142 363 1202 et
386 1160 551 1203 morosum
576 1138 716 1203 offendet
738 1140 902 1225 garrulus:
925 1141 1011 1203 ultra

142 1228 255 1293 “non’'
280 1227 427 1291 “etiam''
452 1228 559 1312 sileas3
582 1227 690 1293 Davos
714 1228 758 1292 sis
782 1229 926 1293 comicus
950 1233 1042 1312 atque

141 1322 206 1383 stes
230 1317 334 1401 capite
359 1317 501 1402 obstipo,
524 1318 663 1381 multum
687 1317 801 1382 similis
824 1317 992 1382 metuenti.

142 1408 296 1491 obsequio
310 1427 479 1492 grassar03
502 1427 610 1490 mone,
635 1407 662 1470 si
684 1406 862 1471 increbruit
886 1430 978 1491 aura,

141 1501 253 1561 cautus
276 1496 325 1559 uti
348 1494 432 1559 velet
455 1518 563 1560 aarum
588 1499 697 1580 caput3
719 1496 851 1560 extrahe
872 1497 972 1561 turba

100 1613 126 1653 a
141 1586 299 1670 oppositis
322 1586 454 1670 umeris3
478 1608 587 1649 aurern
611 1585 794 1671 substringe
817 1585 956 1669 loquaci.

141 1675 333 1758 inportunus
358 1679 444 1738 amat
466 1674 602 1739 laudari:
627 1674 728 1739 doneo'
752 1674 838 1738 “ohe
861 1675 952 1740 iam''

141 1765 181 1828 ad
204 1766 328 1829 caelum
352 1764 499 1829 manibus
523 1763 658 1828 sublatis
683 1764 811 1847 dixerit,
834 1786 929 1851 urge:

141 1857 334 1918 crescentem
358 1854 491 1918 tumidis
514 1853 592 1917 infla
615 1853 817 1917 sermonibus
840 1856 955 1918 utrem.

142 1966 215 2008 cum
238 1947 270 2006 te
294 1942 424 2008 servitio
447 1943 546 2028 longo
570 1964 708 2026 curaque
730 1941 859 2028 levarit,

87 2060 126 2100 roo
141 2036 173 2096 et
197 2035 319 2096 certum
343 2031 481 2117 vigilans
506 2031 662 2115 “quartae
686 2033 728 2096 sit
751 2033 852 2115 partis
870 2031 1009 2098 Vlixes''

9 2126 12 2130 ’
141 2121 278 2186 audieris
304 2121 457 2186 “heres’':
483 2122 584 2208 “ergo
607 2143 693 2186 nunc
717 2120 820 2185 Dama
843 2121 964 2186 sodalis

140 2233 297 2295 nusquam
314 2211 384 2274 est?
399 2211 483 2274 unde
493 2211 574 2275 mihi
584 2214 649 2274 tam
660 2211 777 2275 fortem
787 2209 1091 2293 tamquefidelem?”

141 2323 255 2386 sparge
275 2300 410 2364 subinde
433 2304 473 2383 et,
495 2301 522 2363 si
544 2301 689 2383 paullum
711 2303 805 2382 potes
824 2299 1037 2378 inlacrimare,
1048 2302 1095 2369 ‚est

141 2389 257 2477 gaudia
280 2390 468 2473 prodentem
490 2391 616 2454 voltum
640 2391 751 2454 celare.
798 2391 982 2473 sepulcrum

88 2505 127 2546 ros
141 2480 332 2563 permissum
356 2479 489 2543 arbitrio
513 2480 580 2543 sinc
605 2478 753 2544 sordibus
778 2482 919 2543 exstrue:
942 2479 1041 2543 funus

141 2569 268 2654 egregie
290 2567 411 2631 factum
434 2569 544 2632 laudet
566 2569 692 2633 vicinia.
738 2567 839 2651 siquis

158 2728 323 2797 &aaa
393 2725 492 2798 pne

160 2868 196 2922 81
217 2867 335 2922 oratius:
355 2868 494 2937 penelopa
510 2869 606 2924 Micon
623 2876 685 2937 post
703 2885 726 2923 e.
741 2872 798 2922 296
871 2867 908 2923 87
926 2901 958 2910 -
975 2868 1007 2940 2,
1021 2869 1051 2940 s,
1065 2867 1100 2924 99

88 2941 186 2996 otmunt
199 2941 230 2993 io
245 2941 275 2994 E
278 2961 289 3007 ;
304 2940 351 3011 [Q
361 2962 366 2993 ι
377 2941 451 3011 aD]
490 2939 565 2994 elabi
578 2941 633 3010 Ql
648 2941 773 3008 (Bluod.)
784 2941 885 3009 Porpb.
896 2942 924 3010 (i.
935 2940 1018 2996 schol.
1029 2941 1101 3010 ΓΡ),

89 3016 117 3067 et
136 3011 183 3066 abi
202 3013 242 3079 F,
262 3014 290 3066 et
308 3011 397 3064 labit
461 3012 484 3065 si
556 3011 606 3083 Q,
624 3013 657 3064 ut
676 3011 717 3065 sic
733 3011 837 3066 Blaad.
902 3010 1103 3068 seruauerat

87 3086 151 3155 Ql,
165 3083 264 3137 titerat
274 3087 297 3151 t,
312 3083 444 3137 extiterat
454 3084 484 3136 F
537 3083 553 3137 9
569 3083 716 3154 neuth‚
731 3082 814 3136 neuel
824 3083 889 3138 Fla
926 3082 966 3136 99
981 3083 1104 3138 offendet

87 3157 143 3226 Ql
157 3156 297 3225 (Boou),
326 3153 444 3208 offendit
462 3155 516 3221 Fl,
544 3153 668 3208 offendes
688 3156 804 3223 Bentley
893 3153 971 3208 ultra
991 3156 1032 3225 (D
1050 3173 1104 3211 noe

89 3230 181 3296 liquet)
204 3228 241 3298 Q
258 3227 297 3298 Q
319 3227 433 3292 Brona,
461 3225 535 3279 ultro
558 3245 575 3285 ς
682 3225 719 3279 92
746 3227 805 3280 aine
833 3225 955 3280 lemmate
983 3228 1104 3296 excerpta

94 3301 180 3354 Velie.
195 3303 252 3354 265
306 3297 344 3351 99
364 3296 518 3350 increbruit
536 3299 572 3368 Q
589 3297 627 3368 Q
645 3298 759 3363 Brund,
778 3295 919 3351 increbuit
936 3301 987 3353 αΦ
1042 3299 1104 3353 inde

89 3389 106 3424 o
120 3387 144 3424 e.
161 3369 198 3423 95
213 3371 302 3438 deficit
316 3371 362 3435 D;
381 3369 428 3439 [Q
439 3391 444 3422 :
456 3369 490 3439 a]
561 3368 673 3436 loquaci
687 3369 723 3438 Q
735 3368 773 3440 Q
787 3369 899 3438 Pamin,
913 3367 1065 3436 loquacem
1079 3369 1108 3424 F

90 3441 124 3495 97
145 3458 216 3510 urge
233 3441 332 3512 QQ,
355 3457 425 3510 urge
444 3443 508 3499 etr
581 3439 637 3493 103
657 3441 699 3493 est
716 3444 747 3506 Φ,
766 3441 816 3494 del.
836 3458 854 3493 a
908 3439 1105 3496 inlacrimazs

88 3529 119 3566 re
147 3516 189 3566 est
217 3513 375 3568 Praedicow
485 3509 542 3565 104
569 3511 735 3580 prodentem
760 3512 796 3582 Q
818 3511 869 3583 Θ,
896 3512 1067 3580 prudentem
1090 3531 1106 3573 ς

88 3583 200 3637 uultum
218 3585 285 3655 Qt,
304 3582 424 3637 multum
442 3583 486 3637 Fl
