2400 3968
89 203 133 269 90
463 203 574 260 CARM.
587 203 626 257 111
645 210 669 258 9.
691 209 734 260 10.

200 349 264 414 ‘me
286 352 388 415 torret
410 349 480 413 face
502 352 615 413 mutua

245 438 382 503 Thurini
406 437 511 502 Calais
534 438 622 503 filius
645 436 775 523 0myt1,

199 550 258 613 pro
283 550 346 612 quo
370 526 420 592 bis
443 529 549 611 patiar
570 528 667 611 mori,

244 617 272 680 si
290 621 423 701 parcent
445 639 546 700 puero
568 617 636 681 fata
658 617 847 700 superstiti?

199 776 290 862 ‘quid
313 777 340 840 si
362 777 470 862 prisca
491 776 575 841 redit
597 775 707 841 Venus

244 866 456 950 diductosque
479 866 556 952 iugo
581 866 670 952 cogit
692 868 813 931 aeneo?

199 955 227 1020 si
250 955 333 1020 flava
356 956 518 1019 excutitur
542 953 643 1020 Chloe

242 1045 442 1128 reiectaeque
465 1047 555 1127 patet
578 1044 674 1108 ianua
688 1043 851 1128 -Lydiael'

200 1204 406 1289 ‘quamquam
430 1203 533 1268 sidere
556 1202 699 1288 pulcrior

244 1294 299 1358 ille
322 1297 385 1377 est,
407 1296 444 1356 tu
467 1292 570 1357 levior
593 1293 711 1357 cortice
735 1296 767 1356 et
789 1293 926 1377 inprobo

201 1383 383 1448 iracundior
405 1381 540 1446 Hadria:
748 1399 750 1403 ’

243 1476 349 1536 tecum
372 1472 480 1536 vivere
503 1492 617 1555 amem,
639 1474 747 1535 tecum
771 1470 885 1534 obeam
907 1470 1031 1536 luben

516 1651 678 1660 ----

545 1773 618 1838 ·Χ.

199 1898 390 1962 Extremum
414 1897 538 1962 Tanain
561 1899 590 1962 ai
612 1896 753 1982 biberes,
777 1897 877 1982 Lyce,

198 2008 292 2053 saevo
315 1992 417 2072 nupta
438 1988 522 2072 viro,
546 2008 598 2052 me
620 1990 729 2051 tamen
751 2008 880 2072 asperas

198 2081 383 2161 porrectum
406 2080 480 2142 ante
502 2076 583 2140 foris
607 2075 734 2141 obicere
757 2075 873 2140 incolis

242 2166 386 2250 plorares
409 2165 634 2250 Aquilonibus.

200 2325 305 2410 audis,
328 2347 392 2410 quo
416 2326 555 2409 strepitu
578 2326 686 2407 ianua,
711 2346 775 2409 quo
799 2346 913 2391 nemus

198 2416 283 2479 inter
305 2415 416 2499 pulcra
439 2419 546 2478 satum
569 2418 654 2479 tecta
677 2414 840 2499 remugiat

198 2505 303 2569 ventis
327 2507 359 2568 et
380 2504 504 2588 positas
526 2507 564 2568 ut
587 2504 705 2589 glaciet
727 2503 818 2570 nives

242 2615 324 2676 puro
347 2595 478 2658 numine
501 2591 668 2677 Iuppiter?

198 2753 360 2838 ingratam
383 2752 502 2817 Veneri
524 2774 609 2837 pone
633 2752 831 2838 superbiam,

198 2864 240 2907 ne
263 2846 411 2907 currente
427 2845 519 2914 retro
543 2841 631 2906 funis
655 2846 707 2906 eat
729 2845 814 2906 rote:

198 2954 264 2997 non
287 2934 319 2995 te
341 2930 525 3015 Penelopen
549 2930 715 2995 difficilem
738 2931 846 3015 procis

243 3020 428 3104 Tyrrhenus
452 3019 565 3106 genuit
587 3042 711 3103 parens.

157 3178 328 3249 &aaran
396 3178 534 3250 ceam

159 3301 197 3356 20
218 3319 286 3371 -que
308 3304 345 3373 Θ
362 3302 412 3374 Θ,
440 3318 488 3355 -ne
507 3303 658 3357 Burmann
747 3300 783 3355 21
809 3300 1031 3374 Quamquam&

87 3372 222 3439 Quamuis
242 3377 266 3427 Φ
373 3372 519 3442 pulchrior
540 3374 576 3443 Θ
598 3373 648 3444 Θ,
676 3372 779 3426 clarior
802 3373 899 3428 lemma
923 3375 1025 3443 Porph.

87 3445 236 3501 acediae.
251 3449 326 3512 11,1

160 3517 209 3590 lo,
226 3517 242 3571 1
262 3517 301 3571 ad
319 3533 401 3570 eorm.
417 3519 493 3581 4,13
512 3522 653 3583 comparat
667 3516 768 3583 Porpb.
851 3515 870 3568 6
889 3517 985 3571 satum
1003 3518 1031 3590 Q]

87 3587 175 3642 situm
194 3592 218 3642 Φ
291 3586 309 3641 8
327 3586 402 3641 Puro
419 3587 456 3658 Θ
473 3585 511 3658 Θ
529 3588 641 3655 Ρονρὶι.,
660 3586 736 3640 Duro
756 3587 873 3658 Bentley
