2400 3968
99 193 162 258 166
521 194 625 249 EPOD.
647 201 688 249 17.

149 339 280 403 infamis
303 339 445 404 Helenae
469 338 583 405 Castor
606 340 746 406 offensus
770 343 840 407 vice

149 427 312 513 fraterque
334 430 443 515 magni
469 429 623 512 Castoris,
646 431 724 494 victi
749 453 857 516 prece,

149 519 298 602 adempta
320 519 388 582 vati
410 518 574 583 reddidere
596 519 732 584 lumina:

96 632 121 672 15
150 611 182 671 et
204 611 255 689 tu,
277 612 370 690 potes
393 629 481 692 nam,
505 607 593 671 solve
616 630 667 672 me
691 609 866 690 dementia,

150 717 168 760 0
192 718 251 760 nec
274 696 417 780 paternis
441 696 586 762 obsoleta
609 697 757 762 sordibus

148 806 252 869 neque
275 786 310 849 in
333 786 486 869 sepulcris
508 808 685 869 pauperum
708 788 850 870 prudens
874 810 951 853 anus

148 874 348 938 novendialis
372 875 528 958 dissipare
551 875 708 959 pulveres.

148 963 210 1027 tibi
232 963 393 1047 hospitale
416 968 528 1047 pectus
552 969 584 1028 et
606 987 705 1048 purae
728 988 843 1030 manus

94 1077 120 1117 50
148 1057 286 1136 tuosque
308 1057 420 1117 venter
442 1053 646 1118 Pactumeius
670 1058 703 1117 et
724 1057 782 1120 tuo

147 1163 260 1207 cruore
283 1142 398 1205 rubros
422 1142 579 1206 obstetrix
602 1165 726 1226 pannos
749 1143 843 1228 lavit,

147 1235 322 1314 utcumque
344 1231 438 1294 fortis
462 1231 572 1294 exsilis
596 1233 772 1316 puerpera?

192 1319 282 1403 ‘quid
305 1321 461 1385 obseratis
485 1320 616 1384 auribus
640 1321 748 1385 fundis
770 1323 903 1404 preces?

146 1430 211 1472 non
236 1431 312 1472 saxa
334 1409 429 1472 nudis
454 1409 599 1473 surdiora
622 1410 741 1474 navitis

93 1522 118 1562 55
145 1496 317 1582 Neptunus
342 1498 408 1562 alto
432 1499 539 1562 tundit
562 1499 717 1564 hibernus
742 1500 818 1565 salo

147 1587 269 1650 inultus
292 1592 330 1650 ut
353 1592 389 1651 tu
411 1588 522 1652 riseris
548 1586 677 1672 Cotytia

146 1677 290 1760 volgata,
314 1699 439 1741 sacrum
462 1677 557 1742 liberi
582 1675 763 1761 Cupidinis,

146 1769 178 1828 et
201 1765 364 1848 Esquilini
387 1766 534 1850 pontifex
556 1767 690 1830 venefici

146 1854 265 1938 inpune
289 1859 325 1918 ut
349 1854 470 1919 Vrbem
493 1856 623 1919 nomine
646 1855 779 1938 inpleris
798 1852 898 1921 meo?

92 1968 118 2008 50
147 1943 224 2027 quid
247 1945 396 2027 proderat
420 1945 537 2007 ditasse
560 1943 730 2030 Paelignas
754 1967 835 2009 anns

144 2033 324 2098 velociusve
349 2034 516 2097 miscuisse
540 2033 705 2097 toxicum?

145 2122 200 2186 sed
224 2123 365 2186 tardiora
387 2123 455 2186 fata
478 2127 509 2185 te
533 2123 617 2186 votis
641 2127 784 2186 manent:

149 2211 276 2296 ingrata
299 2212 416 2275 misero
436 2212 504 2276 rita
528 2212 670 2275 ducenda
693 2216 742 2275 est
765 2212 799 2275 in
822 2213 898 2297 hoc,

144 2301 237 2364 novis
261 2305 423 2384 utusque
447 2306 598 2383 suppetas
621 2301 796 2365 laboribus,

91 2413 116 2454 05
145 2393 237 2474 optat
260 2391 401 2473 quietern
426 2389 555 2472 Pelopis
580 2390 669 2453 infidi
692 2394 797 2473 pater,

145 2500 241 2564 egens
264 2479 421 2565 benignae
444 2478 599 2542 Tantalus
624 2501 750 2562 semper
773 2480 879 2563 dapis,

145 2572 236 2650 optat
258 2567 470 2633 Prometheus
495 2568 657 2653 obligatus
681 2570 766 2651 aliti,

161 2727 326 2796 551115
394 2726 531 2798 omno

161 2867 281 2923 425100
301 2871 337 2940 Q
354 2868 392 2940 Q
415 2869 515 2937 Porph.
536 2870 564 2937 (i.
585 2870 664 2923 schol.
684 2869 765 2938 ΓΡ),
792 2867 884 2922 'uicem
905 2869 947 2925 R¹
1020 2868 1053 2924 48
1069 2869 1094 2924 ob

91 2940 272 2994 novendiales
297 2941 597 3007 51151185151505,
617 2945 661 3005 64,
680 2942 712 2995 ob
733 2941 807 3008 plur.
831 2939 962 3008 pulveres
987 2942 1056 2997 Sero.
1072 2943 1096 2994 ia

89 3012 193 3066 Donat.
212 3030 325 3082 pronam.
346 3013 396 3066 IV
414 3015 478 3076 432,
501 3015 539 3064 20
559 3012 667 3066 Olcdoa.
692 3012 718 3065 V
733 3015 777 3076 42,
796 3015 834 3065 20
852 3014 975 3082 Pompei.
1002 3015 1028 3068 V
1046 3016 1097 3077 166,

88 3087 264 3149 29.176,10
282 3084 401 3139 Cassiod.
417 3084 449 3136 de
469 3090 536 3136 orat.
554 3089 569 3135 1
589 3085 698 3152 (Mipac
713 3087 756 3149 70,
771 3085 883 3152 122711).
940 3084 981 3138 56
1000 3088 1029 3140 et
1045 3087 1099 3138 tuos

90 3156 148 3223 (sic)
167 3155 265 3208 rubros
285 3172 308 3207 0.
325 3174 351 3223 p.
368 3153 438 3206 lavit
456 3156 488 3208 ob
507 3156 698 3221 cacempbotoa
714 3154 809 3222 Pomp.
823 3172 936 3224 9550000.
954 3157 982 3208 V
996 3162 1058 3223 293,
1070 3160 1100 3210 23

89 3226 127 3279 55
146 3226 205 3279 alto
224 3228 260 3297 Q
273 3227 323 3298 Q,
343 3225 407 3279 albo
424 3226 535 3279 Polmer
598 3226 636 3278 56
656 3225 764 3293 cotytia
782 3227 861 3280 schol.
877 3227 940 3280 PV
954 3229 984 3297 (i.
997 3229 1101 3297 Porpb.)

86 3315 114 3365 p.
130 3301 193 3362 465,
213 3305 247 3352 15
256 3316 321 3366 sqq„
341 3296 453 3365 cocytia
471 3297 507 3366 Θ
523 3296 561 3367 Θ
580 3297 626 3350 Ps.
648 3297 748 3365 Porpb.
831 3297 867 3350 57
888 3313 1003 3352 sacrum
1020 3302 1056 3371 Θ
1070 3298 1103 3384 Θ

88 3370 223 3438 (Papa),
242 3385 322 3422 sacra
343 3373 366 3422 Φ
426 3368 465 3421 60
483 3369 616 3449 proderat
634 3368 682 3437 Θ,
701 3367 827 3436 proderit
897 3370 934 3436 0;
953 3371 1103 3454 Porpbyno

88 3458 235 3639 5555,
249 3440 300 3584 a,
320 3439 497 3565 aaa
798 3439 1105 3584 551555

88 3599 157 3637 510
