2400 3968
314 203 422 258 CARM.
436 203 451 258 I
465 209 507 258 34.
523 210 565 259 35.

110 369 209 434 cogor
230 347 380 414 relectos:
402 372 541 434 namque
563 347 740 435 Diespiter,
939 376 951 418 s

110 437 179 523 igni
202 458 335 503 corusco
359 438 470 503 nubila
493 439 639 504 dividens

155 526 358 612 plerumque,
381 549 578 612 perpurum
602 529 745 593 tonantis

199 617 268 701 ogit
291 637 391 700 equos
414 617 641 701 volucremque
665 640 806 701 currum,

111 779 175 842 quo
198 758 295 823 bruta
316 759 413 824 tellus
436 763 469 823 et
491 783 574 846 vaga
596 760 744 845 flumina,

111 869 176 931 quo
201 846 282 931 Styx
305 851 338 912 et
360 849 457 912 invisi
479 848 609 914 horrida
631 849 768 914 Taenari
926 877 952 916 ro

156 937 246 1000 sedes
269 935 501 1022 Atlanteusque
523 939 598 1002 finis

199 1027 389 1090 concutitur.
434 1027 520 1091 valet
544 1028 609 1091 ima
634 1027 768 1091 summis

108 1170 234 1231 mutare
257 1171 290 1231 et
312 1167 472 1254 insignem
491 1172 638 1233 attenuat
660 1169 738 1233 deus

109 1257 245 1321 obscura
267 1279 431 1343 promens3
453 1257 530 1322 hinc
552 1259 675 1341 apicem
698 1282 797 1343 rapax

154 1345 297 1410 Fortuna
320 1368 392 1410 oum
417 1346 553 1411 stridore
577 1351 671 1411 acuto
926 1372 951 1413 15

199 1435 344 1518 sustulit,
367 1435 421 1499 hic
443 1436 591 1520 posuisse
615 1437 741 1522 gaudet.

376 1702 509 1766 XXXV.

88 1806 115 1871 Ο
139 1808 226 1892 diva,
249 1813 378 1894 gratum
402 1832 483 1893 quae
505 1810 591 1895 regis
614 1808 764 1892 Antium,

88 1919 238 1980 praesens
261 1897 312 1960 vel
331 1899 396 1962 imo
420 1898 534 1962 tollere
558 1900 597 1962 de
621 1899 722 1984 gradu

132 1984 268 2050 mortale
292 2008 408 2070 corpus
432 1987 483 2051 vel
506 1988 662 2070 superbos

177 2079 301 2139 vertere
324 2076 491 2141 funeribus
515 2076 710 2160 triumphos:

87 2221 119 2281 te
142 2239 265 2302 pauper
288 2218 390 2283 ambit
412 2217 554 2282 sollicita
575 2239 668 2303 prece
939 2245 951 2285 a

86 2308 170 2370 ruris
195 2306 340 2390 colonus,
363 2311 395 2370 te
419 2308 582 2371 dominam
606 2308 753 2390 aequoris

133 2397 326 2480 quicumque
350 2396 494 2480 Bithyna
515 2396 645 2460 lacessit

178 2484 388 2569 Carpathium
411 2485 546 2570 pelagus
569 2486 688 2570 carina3

88 2631 121 2691 te
144 2627 251 2691 Dacus
275 2650 381 2711 asper,
403 2632 436 2691 te
460 2627 592 2713 profugi
616 2625 753 2711 Scythae

87 2716 247 2800 urbesque
271 2721 447 2802 gentesque
470 2720 502 2780 et
525 2716 655 2781 Latium
678 2717 769 2780 ferox
927 2743 953 2783 ro

133 2826 310 2891 regumque
333 2809 452 2870 matres
475 2806 687 2870 barbarorum
711 2810 743 2869 et

176 2895 332 2978 purpurei
355 2898 502 2958 metuont
524 2895 668 2979 tyranni,

51 3034 177 3089 :ADE
245 3034 383 3105 (ᾣτΒΦ

51 3158 168 3213 relectos
197 3160 345 3226 Heinsius,
373 3160 502 3229 Bentley,
534 3159 649 3213 relictos
677 3160 713 3229 (r)
734 3159 773 3231 ρι)
806 3160 951 3230 (Eutych.)

51 3253 54 3279 i
85 3229 228 3299 Diespiter
264 3230 431 3299 plerumque
461 3246 513 3298 per
550 3248 651 3299 purum
683 3231 723 3285 sic
759 3230 888 3285 mutilata
920 3231 953 3285 ob

51 3315 75 3354 or
97 3302 190 3369 adfert
212 3302 285 3357 Sero.
306 3304 376 3356 Aea.
396 3306 421 3368 9,
441 3305 496 3356 567
603 3301 622 3355 9
646 3303 675 3356 et
700 3301 784 3355 bruta
811 3301 897 3354 tellus
920 3302 952 3355 ot

51 3390 94 3497 up
112 3373 185 3498 Sclro.
200 3375 270 3428 Aca.
286 3379 331 3440 10,
350 3377 404 3428 102
505 3372 542 3427 13
565 3373 706 3442 insignem
728 3373 765 3444 Q)
784 3372 823 3444 Θ
840 3373 953 3441 Ροτρὴ.,

92 3452 162 3499 cate

51 3552 53 3576 .
70 3515 86 3570 1
107 3462 339 3586 [QiABDE]
404 3515 441 3570 12
461 3532 618 3585 purpureos
636 3518 771 3584 tyrannos
791 3514 953 3569 versiculum

51 3604 86 3642 ro.
105 3604 220 3656 procum.
235 3588 284 3640 IV
300 3591 365 3653 463,
384 3591 401 3641 7
