2400 3968
334 108 443 164 CARM.
457 109 483 161 Π
499 114 539 163 10.
556 115 597 162 11.
931 107 975 172 59

119 256 296 320 submovet.
342 276 422 338 non,
445 253 473 318 si
495 253 579 334 male
601 275 700 337 nune,
723 255 756 318 et
778 253 857 318 olim

119 345 165 410 sie
188 345 262 410 erit:
285 344 448 429 quondam
471 341 595 407 cithara
616 346 777 407 tacentem

118 433 253 498 suscitat
275 434 402 498 Musam
424 453 528 517 neque
550 454 676 517 semper
699 453 809 496 areum

162 522 267 587 tendit
289 522 418 607 Apollo.
950 546 977 586 ιο

117 683 213 748 rebus
237 683 385 770 angustis
408 683 574 747 animosus
597 685 694 766 atque

116 771 211 839 fortis
234 773 363 857 adpare:
387 771 549 854 sapienter
571 771 656 835 idem

118 860 288 926 contrahes
311 864 407 925 vento
430 860 567 924 nimium
590 859 729 924 seeundo

160 950 291 1036 turgida
313 950 394 1015 vela.

437 1250 484 1316 XI

116 1376 201 1454 Quid
223 1377 396 1444 bellicosus
420 1375 580 1441 Cantaber
602 1381 636 1442 et
659 1376 807 1463 Scythes,

115 1465 254 1552 Hirpine
277 1466 403 1551 Quinti,
427 1466 548 1553 cogitet
569 1466 693 1531 Hadria

161 1556 283 1621 divisus
308 1556 448 1640 obieeta,
471 1557 618 1620 remittas

204 1667 356 1728 quaerere
377 1667 437 1709 nee
460 1645 600 1729 trepides
625 1645 658 1708 in
681 1667 776 1709 usum

114 1804 278 1887 poscentis
301 1805 372 1870 aevi
394 1826 509 1890 panea:
532 1805 618 1890 fugit
641 1810 728 1869 retro
962 1832 974 1873 a

114 1892 195 1958 levis
218 1893 365 1960 iuventas
389 1900 421 1959 et
445 1895 540 1960 decor
563 1893 652 1958 arida

158 1982 298 2066 pellente
321 1983 459 2048 lascivos
482 2004 607 2049 amores

202 2073 320 2137 canitie
343 2072 535 2155 facilemque
558 2094 716 2136 sumnum.

113 2254 179 2298 non
203 2253 329 2314 semper
351 2232 437 2296 idem
459 2232 595 2297 floribus
619 2235 667 2297 est
689 2231 796 2299 honor

112 2321 220 2386 vernis
242 2343 347 2405 neque
369 2343 435 2386 uno
458 2321 537 2386 luna
559 2321 678 2386 rubens
700 2322 785 2387 nitet
948 2349 974 2388 10

156 2411 261 2475 voltu:
286 2410 363 2494 quid
387 2411 525 2475 aeternis
549 2411 707 2476 minorem

202 2499 347 2564 consiliis
371 2502 516 2565 animum
539 2501 681 2586 fatigas?

112 2679 169 2722 eur
191 2680 256 2723 uon
281 2660 341 2723 sub
365 2662 431 2725 alta
455 2660 506 2725 vel
528 2661 661 2744 platano
684 2660 737 2725 vel
759 2659 820 2725 hae

110 2748 191 2831 pinu
215 2748 354 2813 iaeentes
379 2752 425 2814 sie
447 2753 568 2814 temere
592 2753 625 2814 et
648 2771 721 2814 rosa

157 2858 253 2902 eunus
278 2839 404 2904 odorati
428 2839 576 2923 capillos,

200 2926 279 2990 dum
302 2927 391 3013 lieet,
414 2927 611 3014 Assyriaque
634 2929 735 2993 nardo
829 2989 831 2994 .

67 3082 231 3139 :Arrun
300 3064 458 3158 ΘΜ

77 3207 189 3261 eithara
206 3209 243 3278 Q
260 3209 311 3280 Q,
335 3211 491 3280 cythar(a)e
512 3214 535 3264 Φ

65 3313 69 3342 ,
91 3278 108 3332 2
133 3278 243 3346 quincti
262 3282 323 3335 AR
345 3284 389 3348 (in
407 3284 488 3338 titulo
507 3283 544 3335 ad
564 3280 728 3346 Quinctium
746 3283 801 3350 R),
826 3281 924 3349 quinte
943 3283 971 3336 B

65 3349 144 3404 ntum
159 3351 261 3420 Porph.
276 3352 364 3422 codd.)
420 3352 565 3407 Sobieeto
627 3354 678 3426 Q,
693 3353 806 3407 obieeta
821 3353 970 3420 (Victoria.

82 3421 125 3476 VI
142 3426 208 3490 180,
232 3426 261 3490 5)
353 3423 390 3478 15
415 3440 499 3479 canos
523 3426 559 3496 Q
643 3425 734 3492 (adiel.
755 3427 838 3491 ΑΓ),
864 3424 972 3478 uinctos

109 3492 148 3547 16
168 3495 276 3562 assyria
294 3495 331 3564 Q
347 3495 386 3566 Q
404 3498 516 3566 Porpt„
540 3496 648 3564 assyrio
668 3498 696 3550 B
