2400 3968
343 193 452 248 OARM.
467 195 506 248 111
524 202 550 252 4.

100 362 158 404 vos
181 340 253 405 lene
276 341 448 406 consilium
472 347 504 406 et
527 341 611 404 datis
634 344 666 405 et
690 340 765 406 dato

100 429 263 514 gaudetis,
286 429 398 494 almae.
445 432 578 514 suimus,
600 433 638 494 ut
660 430 767 515 inpios

144 517 277 583 Titanas
300 519 537 602 immanemque
560 519 689 584 turbam

184 607 322 672 fulmine
345 608 513 672 sustulerit
536 609 656 673 eaduoo

102 748 158 832 qui
182 753 301 814 terram
324 751 473 835 inertem,
497 750 554 834 qui
577 772 664 815 mare
687 753 846 836 temperat
934 775 960 816 u

100 841 271 904 ventosum
295 843 327 903 et
350 840 438 904 urbis
461 860 624 926 regnaque
646 839 753 904 tristia

145 926 300 1012 divosque
324 929 534 1012 mortalisque
557 933 680 993 turmas

185 1017 321 1102 imperio
345 1019 534 1103 regitanus
558 1040 669 1101 aequo.

102 1180 256 1243 magnum
280 1161 336 1223 illa
360 1165 515 1225 terrorem
538 1160 692 1224 intulerat
714 1157 784 1223 Iovi

101 1247 202 1312 fidens
226 1251 376 1313 iuventus
399 1250 531 1314 horrida
553 1248 712 1313 bracehiis

146 1336 325 1422 fratresque
349 1339 515 1404 tendentes
540 1358 640 1422 opaeo

191 1425 306 1491 Pelion
328 1429 509 1511 inposuisse
533 1426 681 1512 Olympo

101 1567 157 1631 sed
180 1569 258 1652 quid
281 1568 455 1654 Typhoeus
479 1575 512 1634 et
534 1570 659 1635 validus
683 1568 800 1634 Mimas

101 1660 159 1720 aut
182 1659 260 1740 quid
283 1661 400 1724 minaci
423 1659 629 1744 Porphyrion
653 1663 749 1743 statu,

147 1747 224 1830 quid
249 1747 395 1813 Rhoetus
420 1749 601 1832 evolsisque
624 1749 747 1813 truncis

190 1835 372 1902 Enceladus
395 1838 554 1902 iaculator
576 1837 681 1902 audax

101 1981 214 2041 eontra
237 1985 406 2046 sonantem
429 1980 569 2045 Palladis
593 1980 706 2067 aegida

101 2071 235 2150 possent
256 2073 407 2135 ruentes?
452 2070 529 2134 hine
552 2069 664 2134 avidus
689 2068 779 2133 stetit

150 2155 327 2243 Volcanus
350 2158 426 2224 hine
449 2163 597 2223 matrone
620 2156 701 2222 luno
725 2161 757 2222 et

191 2268 368 2331 numquam
391 2250 510 2314 umeris
533 2247 699 2332 positurus
723 2269 833 2312 areum

103 2388 160 2470 qui
183 2410 255 2454 rore
277 2414 359 2476 puro
384 2390 543 2455 Castaliae
566 2390 645 2454 lavit

102 2477 200 2541 erinis
224 2480 363 2565 solutos,
387 2483 442 2565 qui
466 2481 583 2565 Lyciae
606 2483 695 2542 tenet

149 2566 279 2632 dumeta
301 2570 505 2652 natalemque
530 2569 645 2633 silvam

192 2657 305 2722 Delius
328 2664 362 2722 et
385 2659 539 2722 Patareus
562 2655 691 2741 Apollo.

107 2799 157 2863 vis
181 2801 296 2866 consili
319 2823 432 2884 expers
456 2801 541 2864 mole
565 2801 631 2864 ruit
655 2821 720 2882 sua,

103 2889 170 2952 vim
194 2894 403 2974 temperatam
428 2890 461 2953 di
485 2911 614 2974 quoque
636 2888 819 2972 provehunt

148 2978 183 3041 in
206 2981 323 3063 maius;
346 2979 431 3042 idem
455 2979 550 3043 odere
572 2978 650 3042 viris

193 3090 286 3133 omne
308 3069 399 3133 nefas
423 3068 530 3132 animo
554 3067 722 3131 moventis.

60 3225 148 3280 :AB
235 3226 372 3298 ῥῇιΒΦ

72 3368 186 3422 turbam
203 3369 240 3439 Q)
257 3368 308 3440 Θ,
329 3371 494 3422 ωηῃαωΦ
566 3364 606 3420 44
625 3367 731 3421 caduco
750 3367 786 3438 Q)
859 3365 962 3433 Porph.

57 3441 122 3510 .A),
141 3456 255 3494 corusco
266 3442 384 3511 Bentley
442 3438 480 3492 46
495 3439 608 3493 umbras
623 3439 740 3509 Bentley
855 3440 963 3490 turmas

71 3510 170 3565 turbas
189 3511 251 3565 ER
324 3511 397 3582 56[
443 3510 577 3582 :ABEJ
651 3507 690 3564 64
709 3511 742 3564 ob
760 3509 896 3563 Patareus
914 3509 965 3564 dat

57 3589 102 3638 tat.
116 3584 199 3637 Theo.
209 3589 235 3648 1,
251 3587 307 3638 696
321 3585 385 3654 (pro
425 3582 496 3636 elius
510 3583 591 3637 habet
603 3581 717 3649 Lyeius)
759 3580 798 3635 66
812 3579 963 3652 [ΘΑΕ]

57 3691 132 3731 suive.
147 3682 325 3723 ed.Vollmsr.
345 3683 389 3722 Iud.
399 3681 479 3724 maior.
733 3673 748 3720 6
