2386 3974
499 205 612 271 ,onum
622 206 662 260 111
680 212 704 260 6.

223 373 299 416 mox
321 352 464 416 iuniores
488 351 614 434 quaerit
632 352 796 416 adulteros

222 442 307 505 inter
330 441 437 505 mariti
460 441 536 505 vina
557 463 661 525 neque
684 441 777 526 eligit

268 530 320 594 oui
343 530 441 595 donet
463 529 654 614 inpermissa
676 532 797 614 raptim

311 619 429 706 gaudia
451 618 628 685 luminibus
652 621 794 705 remotis,

222 797 279 862 sed
300 793 388 862 iussa
410 818 518 862 eoram
541 820 607 862 non
630 798 698 863 sine
721 798 851 862 oonsoio

222 885 326 973 surgit
348 887 480 970 marito,
503 909 560 951 seu
581 891 676 951 vocat
699 886 830 951 inst‘tor

267 998 323 1041 seu
346 977 436 1041 navis
460 975 624 1060 Hispanae
647 977 811 1061 magister,

311 1065 501 1131 dedecorum
523 1066 685 1149 pretiosus
708 1069 844 1149 emptor,

221 1266 288 1309 non
310 1243 361 1308 his
384 1245 534 1308 iuventus
558 1247 629 1308 orta
651 1243 839 1327 parentibus

222 1333 335 1399 infecit
358 1354 478 1418 aequor
501 1333 656 1418 sanguine
679 1331 802 1398 Punico

267 1422 491 1506 Pyrrhumque
515 1426 547 1486 et
569 1423 732 1506 ingentem
756 1423 874 1487 oeoidit

309 1511 508 1576 Antiochum
531 1510 811 1594 Hannibalemque
834 1512 950 1594 dium,

221 1689 277 1754 sed
299 1649 494 1755 rusticorum
517 1689 659 1753 mascula
683 1688 824 1752 militum

220 1778 341 1863 proles,
365 1777 502 1843 Sabellis
526 1779 620 1844 docta
642 1776 807 1863 ligonibus

265 1890 391 1933 versare
415 1867 545 1954 glaebas
569 1871 602 1933 et
625 1888 753 1932 severae

309 1958 422 2021 matris
446 1958 487 2021 ad
509 1956 678 2020 arbitrium
702 1957 823 2021 recisos

219 2139 349 2219 portare
371 2135 480 2217 fustis,
505 2135 553 2199 sol
576 2134 633 2198 ubi
656 2133 817 2198 montium

219 2228 361 2289 mutaret
383 2223 513 2288 umbras
537 2223 669 2309 otinga
692 2223 833 2288 demeret

254 2313 358 2379 bobus
381 2313 527 2399 fatigatis
551 2313 690 2377 amioum

307 2407 436 2486 tempus
460 2424 557 2488 agens
581 2403 718 2466 abeunte
741 2421 846 2466 ourru.

219 2582 373 2646 damnosa
396 2580 474 2663 quid
496 2602 562 2644 non
584 2580 738 2644 inminuit
760 2579 849 2644 dies?

218 2674 306 2735 aetas
329 2673 514 2754 parentum,
536 2669 627 2753 peior
649 2669 731 2752 avis,
754 2669 831 2732 tulit

263 2780 322 2823 nos
345 2759 528 2842 nequiores,
551 2779 627 2822 mox
650 2758 781 2822 daturos

307 2847 496 2941 progeniem
518 2846 725 2912 vitiosiorem.

155 3005 288 3076 ΘΑΕ
357 3003 494 3075 quien

156 3148 192 3202 27
221 3146 389 3217 inpermissa
415 3145 454 3216 Θ
481 3146 581 3213 Porpb.
611 3147 640 3212 (i.
664 3147 743 3201 sabel.
768 3148 850 3216 Ar),
878 3148 1020 3202 intermiss

85 3221 122 3278 82
141 3219 281 3291 pretiosus
294 3220 331 3290 Θ
343 3216 382 3289 Θ
395 3217 506 3284 Porpb„
525 3215 691 3285 imperiosus
705 3218 829 3286 Laopold
901 3218 940 3274 35
959 3221 989 3275 et
1017 3238 1020 3272 :

84 3312 135 3352 om.
157 3295 180 3347 Φ
256 3290 294 3344 36
313 3286 557 3354 Hannibalemque
576 3287 669 3340 dirum
687 3291 719 3343 ob
738 3291 887 3360 imaqiuem
904 3293 988 3359 affert

86 3368 150 3422 inst.
170 3367 198 3432 8,
220 3367 248 3430 2,
272 3366 289 3416 9
398 3358 490 3411 dirum
512 3358 549 3427 Θ
570 3358 608 3428 Θ
630 3361 709 3414 schol.
735 3361 794 3414 ΑΓ
816 3361 921 3430 Quint,
950 3363 1020 3416 duru

84 3437 122 3493 4l
143 3436 185 3491 sol
203 3467 237 3476 —
256 3431 295 3487 44
315 3431 436 3486 abeunte
459 3430 541 3481 nocte
560 3430 619 3497 (sic)
639 3431 670 3484 ob
693 3431 783 3484 bobus
802 3433 896 3498 adfert
914 3434 1020 3489 Parsa*

81 3528 111 3582 p.
127 3510 240 3577 357,17
312 3501 348 3556 47
369 3518 434 3554 mox
453 3531 486 3538 -
505 3498 678 3553 vitiosiorem
697 3503 729 3555 ob
747 3519 813 3555 mox
831 3503 905 3558 Serv.
919 3521 1011 3576 yaery.
