2400 3968
89 222 153 287 164
481 222 584 276 ΕΡΟΙ).
607 229 647 277 1s.
669 229 710 278 ιτ.

140 390 199 432 neo
220 369 423 451 vespertinus
447 369 669 453 circumgemit
692 391 787 433 ursus
811 369 897 434 ovile

184 480 244 524 nec
267 458 452 521 intumescit
475 456 541 520 alta
564 458 682 540 viperis
705 457 838 544 humus,

141 547 297 631 pluraque
319 546 429 610 felices
452 545 656 630 mirabimur,
679 551 717 610 ut
738 569 846 630 neque
869 546 967 632 largis

190 657 329 719 aquosus
352 635 460 698 Eurus
483 658 560 698 arva
581 636 673 700 radat
696 636 870 719 imbribus,

87 750 113 791 ss
139 725 274 810 pinguia
296 746 355 788 nec
378 725 470 788 siccis
494 728 629 788 urantur
652 727 775 789 semina
798 725 935 811 glaebis,

87 839 113 880 ee
185 818 358 897 utrumque
381 835 457 898 rege
478 817 678 897 temperante
701 814 862 878 caelitum.

87 929 114 969 u
141 903 231 967 nulla
252 906 371 967 nocent
393 904 502 985 pecori
526 903 688 988 contagia,
710 902 833 967 nullius
857 904 935 968 astri

87 1018 113 1057 ra
186 1014 316 1079 gregem
340 996 488 1055 aestuosa
511 995 614 1056 torret
636 993 825 1077 inpotentia.

87 1107 112 1148 er
140 1103 206 1146 non
228 1081 293 1145 huc
316 1079 426 1165 Argoo
450 1081 615 1145 contendit
638 1083 760 1165 remige
783 1081 881 1165 pinus

185 1191 288 1252 neque
311 1170 463 1252 inpudica
486 1168 615 1234 Colchis
639 1170 751 1235 intulit
773 1171 903 1255 pedem,

140 1282 206 1325 non
229 1259 292 1322 huo
316 1256 441 1324 Sidonii
463 1262 629 1323 torserunt
651 1281 771 1324 cornua
793 1263 924 1342 nautae,

5 1382 8 1386 “
87 1374 114 1415 eo
184 1347 347 1412 laboriosa
368 1369 428 1412 nec
451 1349 566 1412 cohors
590 1347 707 1413 Vlixei.

88 1464 113 1503 oa
140 1436 286 1521 Iuppiter
308 1435 364 1501 illa
387 1438 458 1520 piae
482 1439 617 1501 secrevit
638 1438 736 1502 litora
758 1439 862 1523 genti,

185 1530 223 1590 ut
245 1526 428 1608 inquinavit
450 1548 522 1590 aere
545 1530 672 1609 tempus
696 1549 842 1612 aureum,

88 1641 114 1682 os
141 1637 225 1697 aere,
250 1614 365 1679 dehinc
386 1615 472 1679 ferro
495 1615 625 1681 duravit
648 1615 787 1699 saecula,
812 1637 948 1699 quorum

185 1704 250 1788 piis
274 1705 412 1768 secunda
434 1708 507 1768 vate
530 1726 581 1767 me
605 1704 700 1769 datur
721 1705 807 1791 fuga.

546 1987 648 2052 XVII.

143 2095 223 2159 ‘Iam
246 2097 311 2159 iam
335 2096 458 2159 efficaci
482 2095 522 2158 do
546 2118 659 2158 manus
683 2095 849 2173 scientiae,

143 2183 280 2268 supplex
303 2188 335 2247 et
358 2206 415 2248 oro
439 2206 537 2269 regna
560 2207 619 2267 per
641 2184 867 2268 Proserpinae,

142 2278 255 2358 peret
278 2273 400 2337 Dianae
423 2294 489 2336 non
511 2273 668 2337 movenda
691 2273 838 2355 numina,

143 2386 201 2448 per
223 2367 319 2447 atque
342 2362 443 2426 libros
467 2363 645 2425 carminum
668 2361 845 2427 valentium

103 2478 115 2518 s
142 2453 243 2516 refixa
266 2451 353 2516 caelo
378 2452 530 2516 devocare
554 2451 671 2535 sidera,

145 2541 291 2606 Canidia:
314 2562 408 2624 parca
431 2539 565 2604 vocibus
588 2541 718 2603 tandem
742 2541 841 2604 sacris

143 2631 306 2713 citumque
329 2632 415 2693 retro
440 2628 542 2712 solve,
566 2629 654 2694 solve
677 2630 849 2693 turbinem.

143 2720 246 2784 movit
267 2722 418 2801 nepotem
442 2718 602 2801 Telephus
625 2718 793 2801 Nereium,

144 2810 177 2872 in
202 2829 297 2891 quem
321 2808 477 2891 superbus
502 2808 665 2870 ordinarat
688 2809 819 2892 agmina

91 2925 117 2964 10
144 2898 311 2982 Mysorum
336 2901 367 2960 et
391 2897 424 2959 in
448 2918 544 2979 quem
567 2895 632 2958 tela
655 2902 749 2960 acuta
772 2900 919 2961 torserat.

143 3009 263 3051 unxere
285 2992 403 3049 matres
426 2984 505 3049 lliae
529 2985 673 3048 additum
697 2984 774 3049 feris

162 3126 327 3198 &Aac
395 3125 531 3196 omno>

163 3251 198 3305 51
216 3250 403 3321 ouileQQD,
418 3249 487 3303 ouili
501 3250 670 3304 FrlBlaud.
718 3248 756 3303 52
771 3253 880 3303 om.B
927 3249 977 3305 61.
994 3249 1102 3320 629101

90 3326 139 3379 hoo
165 3325 221 3377 loco
239 3322 354 3375 habebut
372 3322 453 3374 etiam
472 3323 573 3389 Porpb.
594 3322 638 3388 (cf.
653 3321 733 3375 schol.
748 3322 833 3389 ΑΓ),
856 3327 922 3376 aute
941 3320 980 3375 57
1000 3320 1103 3377 resecuit

90 3397 265 3461 Peerlkamp,
293 3399 356 3446 aute
385 3391 422 3445 63
446 3395 542 3460 posuit
567 3392 751 3462 Hepueruaua
846 3393 883 3446 61
909 3392 981 3446 astri
1004 3395 1041 3464 Θ
1060 3390 1103 3464 (ᾧ,

92 3466 180 3520 austri
200 3467 253 3519 Bu
326 3464 364 3517 66
383 3464 454 3517 Aere
473 3463 509 3532 Q)
526 3463 576 3534 Θ,
596 3464 686 3516 Aerea
705 3464 768 3516 All

164 3537 212 3605 17,
228 3535 246 3589 6
265 3534 362 3588 Rcfixa
380 3535 417 3604 G)
431 3535 531 3603 Porpb.
548 3537 576 3602 (i.
592 3536 672 3588 scliol.
688 3537 733 3603 P),
752 3534 851 3586 Defixa
864 3534 903 3607 (ᾧ
949 3535 985 3589 11
1003 3536 1105 3592 ancrc

90 3610 154 3681 &a
173 3607 287 3672 Banu,
306 3606 413 3660 Luxere
431 3607 467 3676 (D
