2400 3968
88 187 153 253 232
500 187 605 242 anan.
624 187 651 241 n
669 194 694 242 r,

143 334 270 420 flagitat
293 334 453 398 inmorsus
476 334 574 418 refici,
597 335 676 418 quin
700 334 808 400 omnia
831 337 926 400 malit
967 336 971 341 ’

144 444 364 507 quaecumque
387 423 549 487 inmundis
571 423 697 487 fervent
719 425 826 489 adlata
847 426 987 510 popinis.

143 516 192 576 est
215 534 331 596 operae
354 513 492 595 pretium
518 513 655 596 duplicis
678 535 868 596 pernoscere
892 515 971 579 iuris

140 605 296 666 naturam.
343 601 480 684 simplex
504 623 521 666 e
544 601 630 667 dulci
654 606 781 667 constat
804 602 900 687 olivo,

101 715 126 755 es
142 691 228 774 quod
251 691 365 776 pingui
388 691 522 756 miscere
545 713 633 756 mero
656 693 825 776 muriaque
849 692 974 758 decebit
1041 772 1044 779 1

140 802 206 846 non
229 781 292 844 alia
316 801 412 863 quam
437 802 500 863 qua
523 781 680 865 Byzantia
702 782 811 865 putuit
835 803 919 847 orca.

140 869 203 934 hoc
225 869 282 934 ubi
305 869 472 933 confusum
498 871 594 934 sectis
616 870 772 935 inferbuit
794 871 904 936 herbis

142 957 340 1043 Corycioque
364 980 458 1023 croco
482 981 629 1042 sparsum
654 961 752 1044 stetit,
776 961 908 1044 insuper
931 962 1024 1026 addes

140 1070 250 1131 pressa
273 1047 473 1112 Venafranae
498 1049 584 1132 quod
607 1049 687 1114 baca
709 1050 834 1114 remisit
857 1049 971 1115 oliuae.

101 1163 127 1204 ro
140 1136 266 1202 Picenis
290 1138 407 1202 cedunt
429 1139 534 1221 pomis
558 1137 706 1203 Tiburtia
729 1160 820 1204 suco:

140 1249 214 1291 nam
238 1226 319 1291 faeie
343 1230 514 1309 praestant.
560 1227 717 1293 Venucula
740 1233 891 1294 convenit
915 1230 1002 1313 ollis3

141 1316 259 1380 rectius
283 1314 443 1380 Albanam
466 1316 556 1382 fumo
581 1317 743 1382 duraveris
766 1341 870 1382 uvam.

140 1404 223 1470 hanc
241 1427 301 1491 ego
325 1426 399 1468 eum
422 1405 525 1488 malis,
548 1428 608 1492 ego
631 1407 752 1472 faecem
775 1409 900 1491 primus
924 1412 957 1472 et
979 1409 1079 1490 hallec,

141 1495 265 1578 primus
289 1498 321 1558 et
344 1494 490 1559 invenior
513 1495 605 1579 piper
628 1495 737 1561 album
761 1519 834 1562 cum
858 1496 926 1562 sale
947 1497 1040 1584 nigro
1133 1520 1135 1543 ¹

101 1609 126 1649 as
142 1583 299 1648 incretum
322 1585 412 1666 puris
435 1583 703 1669 circumposuisse
726 1585 853 1650 catillis.

140 1672 267 1737 inmane
290 1677 339 1736 cst
361 1673 477 1738 vitium
502 1673 575 1737 dare
599 1674 688 1738 milia
710 1678 802 1739 terna
824 1674 962 1740 macello

141 1765 343 1848 angustoque
366 1783 465 1847 vagos
488 1762 586 1846 piscis
608 1786 724 1850 urgere
748 1765 862 1829 catino.

140 1873 257 1938 magna
279 1855 388 1915 movet
411 1853 576 1917 stomacho
600 1853 729 1917 fastidia
752 1875 807 1917 seu
830 1875 912 1938 puer
934 1855 1040 1919 unctis

139 1941 289 2005 tractavit
313 1941 443 2005 calicem
467 1941 625 2026 manibus,
648 1942 724 2006 dum
748 1943 836 2007 furta
857 1943 998 2030 ligurrit,

100 2055 126 2096 ao
141 2029 208 2094 sive
231 2031 337 2114 gravis
361 2031 462 2094 veteri
486 2035 625 2096 craterae
648 2031 745 2096 limus
769 2031 923 2097 adhaesit.

140 2118 259 2183 vilibus
283 2119 317 2183 in
340 2121 455 2202 scopis,
478 2121 513 2184 in
535 2121 671 2204 mappis,
693 2122 728 2186 in
751 2121 845 2186 scobe
870 2127 1011 2205 quantus

139 2208 287 2273 consistit
311 2209 481 2291 sumptus?
526 2210 682 2296 neglectis
705 2211 866 2295 flagitium
889 2212 1014 2298 ingens.

140 2301 194 2362 ten
217 2297 339 2381 lapides
362 2299 468 2363 varios
492 2298 651 2363 lutulenta
673 2300 784 2363 radere
808 2299 917 2384 palma

139 2390 172 2451 et
194 2387 307 2472 Tyrias
332 2388 406 2452 dare
430 2388 548 2451 circum
573 2390 677 2453 inluta
699 2389 814 2453 toralia
836 2391 946 2475 vestis,

99 2501 125 2541 ss
141 2477 287 2560 oblitum,
312 2480 432 2559 quanto
457 2499 564 2541 curam
589 2483 820 2562 sumptumque
844 2479 1004 2544 minorem

140 2567 219 2629 haec
241 2565 390 2649 habeant,
413 2570 503 2630 tanto
527 2567 717 2650 reprehendi
740 2568 857 2632 iustius
880 2568 956 2653 illis,

140 2677 220 2738 quae
242 2654 307 2718 nisi
331 2654 484 2719 divitibus
508 2660 668 2738 nequeant
692 2658 877 2744 contingere
900 2659 1054 2724 mensisl'

141 2744 245 2809 ‘docte
269 2742 348 2827 Cati,
372 2767 429 2827 per
451 2745 626 2809 amicitiam
650 2746 805 2830 divosque
827 2751 962 2833 rogatus

140 2833 254 2897 ducere
277 2856 329 2898 me
352 2833 505 2917 auditum,
529 2857 642 2921 perges
666 2857 878 2920 quocumque,
901 2842 1071 2903 memento.

101 2947 128 2986 ao
141 2945 215 2986 nam
244 2924 389 3005 quamvis
418 2925 552 2987 memori
579 2923 698 2988 referas
723 2923 804 2988 mihi
828 2930 958 3008 pectore
981 2932 1105 3010 cuncta,

156 3046 322 3116 &ann
391 3045 490 3117 caza>

157 3150 195 3204 66
212 3168 268 3218 qua
282 3152 338 3221 (sed
348 3170 366 3207 a
376 3153 406 3205 D
416 3154 522 3222 lacerta)
532 3154 576 3223 (D,
593 3169 666 3221 quae
680 3157 703 3206 Φ
758 3152 795 3207 68
810 3154 897 3208 addes
907 3155 951 3226 Q),
966 3156 1106 3211 addenem

88 3222 123 3276 71
134 3222 274 3275 uonucula
285 3240 309 3289 ς,
324 3224 503 3278 uennuncula
514 3224 620 3292 (ucula
630 3226 669 3294 tl)
678 3225 715 3295 Q)
724 3224 762 3297 Θ
809 3225 845 3279 73
861 3242 913 3296 ego
927 3227 1037 3295 primus
1047 3228 1106 3282 face

87 3310 138 3347 nec
148 3295 206 3362 (sic)
222 3293 293 3347 allec
304 3295 428 3366 [miscui]
439 3297 471 3350 ob
481 3296 572 3350 hallec
582 3297 665 3363 offert
674 3297 748 3351 Noa.
759 3314 790 3366 p.
802 3300 864 3363 120,
876 3303 893 3352 6
932 3297 969 3352 74
979 3299 1107 3354 inuenior

87 3366 123 3436 Θ
136 3365 293 3436 &Biana
308 3367 388 3421 schol.
404 3370 430 3420 Γ
447 3385 476 3435 p.
494 3371 556 3433 167,
572 3372 614 3434 10,
633 3367 731 3422 inueni
749 3386 791 3427 ας
808 3369 888 3424 schol.
903 3371 931 3422 Γ
946 3387 977 3439 p.
994 3376 1107 3438 167,16

91 3436 125 3490 78
149 3439 245 3490 mouet
266 3441 302 3505 Φ,
327 3441 443 3491 mouent
460 3440 511 3509 (Di
608 3438 646 3493 80
672 3441 797 3493 craterae
814 3440 898 3510 ῶλῑ,
922 3443 1062 3497 creterrae
1080 3444 1109 3498 F

89 3507 227 3574 Bload.¹;
250 3511 284 3575 cf.
300 3526 383 3564 carra.
399 3513 424 3574 3,
444 3515 486 3577 18,
507 3514 524 3564 7
597 3508 634 3564 88
653 3509 796 3565 lutulenta
813 3511 880 3582 ῶλ,
899 3511 1048 3569 luculenta
1066 3515 1107 3568 Fl

90 3576 127 3631 84
147 3578 239 3632 inluta
256 3581 305 3650 ᾧ,
325 3580 414 3634 inlota
434 3585 457 3634 Φ
530 3581 569 3634 90
587 3583 620 3636 cb
638 3582 754 3636 memori
769 3583 856 3647 Prisc.
869 3586 895 3649 7,
910 3585 1003 3654 78,'p.
1016 3590 1108 3654 354,5
