2400 3968
91 190 154 254 162
481 188 586 244 EPOD.
607 197 649 244 15.
670 197 712 244 16.

141 358 201 400 nec
223 340 255 398 te
278 334 482 421 Pythagorae
500 335 616 399 fallant
638 357 755 400 arcana
776 339 882 402 renati

185 426 353 508 formaque
376 425 486 489 vincas
508 423 621 507 Nirea,

141 514 204 577 heu
227 513 304 595 heu,
328 513 502 578 translatos
525 514 590 577 alio
613 515 772 579 maerebis
795 538 935 599 amores,

186 607 237 667 ast
260 624 320 690 ego
343 603 488 667 vicissim
510 602 619 667 risero.

552 886 639 951 XVI„

142 1010 255 1075 Altera
277 1012 342 1075 iam
366 1011 482 1075 teritur
504 1010 599 1075 bellis
623 1011 772 1075 civilibus
795 1017 897 1097 aetas,

186 1102 252 1165 suis
277 1105 308 1164 et
331 1102 402 1183 ipsa
425 1100 529 1164 Roma
552 1100 676 1165 viribus
700 1101 774 1164 ruit.

143 1212 239 1274 quam
263 1212 367 1274 neque
390 1190 521 1252 finitimi
545 1189 715 1253 valuerimt
737 1190 872 1274 perdere
893 1190 995 1258 Marsi

185 1280 320 1344 minacis
344 1282 400 1342 aut
423 1279 562 1342 Etrusca
582 1278 743 1343 Porsenae
765 1302 896 1363 manus,

114 1369 266 1434 aaemnla
288 1390 346 1432 nec
368 1367 472 1431 virtus
496 1365 622 1451 Capuae
644 1389 704 1431 nec
727 1366 903 1452 Spartacus
926 1392 1000 1436 acer

184 1458 341 1540 novisque
364 1456 460 1520 rebus
483 1456 622 1520 infidelis
645 1456 805 1522 Allobrox

140 1568 198 1611 nec
221 1545 289 1611 fera
312 1545 456 1610 caerulea
480 1545 605 1609 domuit
628 1543 799 1610 Germania
821 1549 908 1631 pube

184 1635 435 1720 parentibusque
458 1634 662 1699 abominatus
685 1635 862 1700 Hannibal:

139 1727 228 1809 inpia
251 1723 420 1808 perdemus
444 1723 551 1787 devoti
575 1724 741 1808 sanguinis
765 1729 852 1790 aetas

101 1843 126 1880 ιο
184 1815 325 1897 ferisque
347 1834 457 1877 rursus
482 1813 691 1896 occupabitur
714 1813 834 1878 solum:

139 1904 294 1968 barbarus
316 1901 380 1966 heu
404 1902 525 1965 cineres
548 1901 677 1966 insistet
699 1902 804 1966 victor
827 1907 859 1968 et
884 1903 1012 1972 Vrbem

184 2015 281 2076 eques
306 1994 440 2056 sonante
462 1991 645 2054 verberabit
667 1992 802 2077 ungula,

140 2103 285 2166 quaeque
309 2084 418 2144 carent
440 2080 545 2143 ventis
570 2084 601 2143 et
625 2079 748 2145 solibus
773 2102 847 2145 ossa
872 2081 1019 2169 Quirini,

185 2170 289 2253 (nefas
312 2166 434 2254 videre)
459 2168 628 2251 dissipabit
650 2169 800 2234 insolens.

101 2286 124 2326 11
139 2261 222 2324 forte
246 2259 323 2343 quid
347 2258 496 2341 expediat
519 2260 732 2322 communiter
754 2263 810 2322 aut
833 2260 953 2325 melior
977 2285 1052 2346 pars

184 2349 277 2412 malis
302 2369 407 2411 carere
427 2347 586 2430 ‘quaeritis
609 2346 787 2432 laboribus3

140 2438 229 2502 nulla
252 2439 293 2500 sit
315 2435 376 2500 hac
398 2438 506 2520 potior
530 2436 700 2500 sententia:
723 2436 946 2502 Phocaeorum

184 2527 272 2591 velut
295 2525 441 2610 profugit
463 2529 626 2589 exsecrata
650 2526 762 2590 civitas

140 2637 235 2703 agros
259 2619 355 2697 atque
377 2614 459 2678 lares
482 2615 604 2698 patrios
626 2614 864 2699 habitandaque
887 2616 967 2681 fana

100 2733 125 2773 11
183 2706 270 2789 apris
292 2703 423 2787 reliquit
447 2707 479 2766 et
502 2703 670 2786 rapacibus
692 2704 791 2786 lupis,

140 2797 195 2877 ire,
218 2794 315 2877 pedes
339 2814 540 2875 quocumque
562 2792 675 2876 ferent,
699 2815 905 2876 quocumque
928 2817 990 2879 per
1008 2795 1100 2861 undas

184 2883 292 2947 Notus
314 2881 443 2946 vocabit
466 2885 522 2952 aut
545 2885 711 2964 protervos
735 2882 872 2946 Africus.

157 3022 321 3095 (1114111
389 3021 526 3092 caeam

158 3147 194 3200 11
215 3148 246 3200 ob
265 3146 356 3199 renati
375 3148 467 3212 adfert
484 3147 648 3200 1111118111.
668 3147 692 3199 Τ
694 3147 750 3199 heb.
766 3150 791 3212 3,
806 3150 862 3199 384
880 3147 974 3215 (habet
992 3148 1098 3214 fallunt)

86 3220 267 3288 Pythagorae
284 3218 320 3288 Q
338 3217 376 3288 Q
395 3219 493 3287 Porph,
516 3219 604 3285 (11111.
624 3218 713 3284 Stat),
731 3218 909 3272 Panthoidae
929 3221 972 3274 W.
990 3219 1099 3276 Ribbeck

87 3292 124 3345 11
145 3291 224 3343 nirea
242 3291 301 3354 uR,
321 3304 405 3341 nerea
420 3290 537 3344 ΑΒΟΦ
556 3290 678 3357 (Porph.)
731 3288 769 3341 13
789 3289 850 3343 Heu
869 3290 927 3343 heu
946 3289 1039 3360 (Eheu
1051 3292 1098 3345 heu

86 3365 153 3428 AO,
173 3361 252 3413 Eheu
271 3360 342 3413 eheu
361 3362 398 3427 B)
417 3362 453 3430 Q
466 3360 504 3431 Q
522 3361 636 3425 1311111,
655 3360 734 3412 Eheu
754 3360 785 3413 F

159 3433 211 3503 lo,
240 3431 258 3483 S
287 3431 465 3484 abominatus
494 3431 530 3500 Q
556 3430 594 3501 Q
621 3433 775 3500 1111111,
805 3431 1015 3488 abominandus
1043 3432 1099 3491 Aa!

87 3505 123 3560 11
147 3505 240 3572 Eques
263 3502 301 3573 Q
324 3510 349 3557 11
370 3504 406 3573 Θ
430 3520 594 3571 1111111111
617 3503 695 3570 Eque
721 3504 754 3568 0,
780 3503 853 3570 Equi
877 3503 918 3569 A,
948 3504 986 3558 nt
1011 3504 1099 3575 qniB

87 3576 125 3630 14
144 3576 240 3628 uidere
258 3575 307 3645 Q,
326 3575 416 3627 uideri
435 3574 473 3645 Q
492 3574 595 3627 Bluad.
669 3575 706 3627 15
726 3574 794 3641 quid
813 3575 849 3644 Q
866 3574 918 3646 Q,
937 3577 1016 3645 quod
1035 3594 1053 3637 ς
