2400 3968
92 201 153 266 138
477 202 586 257 CARM.
601 201 653 256 1111
673 208 715 257 15.

268 371 325 432 per
350 371 429 432 quas
451 348 604 413 Latinum
626 370 746 414 nomen
770 353 803 414 et
825 348 917 414 Italae

268 458 395 503 crevere
418 439 502 502 vires
525 439 674 521 famaque
697 441 730 502 et
752 438 869 524 imperi

312 530 461 611 porrecta
483 527 635 591 maiestas
659 527 699 590 ed
722 531 814 592 ortus

354 616 432 681 solis
456 615 496 680 eb
519 615 679 700 Hesperio
702 616 812 681 cubili.

266 759 399 822 custode
421 781 529 823 rerum
553 757 687 823 Caesare
710 780 777 824 non
800 761 890 824 furor

268 847 372 911 civilis
395 851 452 912 aut
474 848 524 912 vis
548 847 657 934 exiget
680 849 799 932 otium,

311 958 377 1000 uon
400 937 462 1019 ira,
486 958 568 1021 quae
590 937 741 1021 procudit
764 939 851 1002 ensis

356 1029 389 1090 et
410 1027 543 1091 miseras
567 1026 713 1091 inimicat
736 1027 836 1091 urbis.

266 1189 331 1231 non
355 1169 411 1253 qui
433 1169 631 1253 profundum
654 1168 841 1234 Danuvium
866 1166 967 1236 bibunt

268 1257 372 1322 edicta
394 1262 545 1341 rumpent
567 1257 662 1343 Iulia,
685 1279 751 1322 non
776 1257 887 1346 Getae,

308 1368 374 1410 non
398 1344 491 1412 Seres
513 1347 669 1431 infidique
692 1346 823 1434 Persae,

355 1456 422 1500 non
444 1434 567 1500 Tanain
590 1457 691 1520 prope
714 1437 836 1502 flumen
859 1438 928 1503 orti.

266 1597 389 1662 nosque
412 1582 445 1642 et
467 1578 619 1661 profestis
641 1578 769 1644 lucibus
793 1584 826 1644 et
849 1579 942 1645 sacris

267 1666 352 1731 inter
374 1667 474 1732 iocosi
497 1690 630 1732 munera
652 1667 761 1732 Liberi

312 1777 384 1820 cum
407 1756 498 1840 prole
522 1757 742 1841 matronisque
765 1759 900 1842 nostrie,

378 1847 440 1911 rite
464 1846 541 1911 deos
563 1848 653 1930 prius
677 1847 854 1932 adprecati‚

267 1988 386 2052 virtute
409 1988 538 2054 functos
561 2011 649 2054 more
672 1993 801 2072 patrum
825 1989 920 2055 duces

88 2103 114 2142 ro
268 2077 368 2162 Lydis
391 2077 529 2142 remixto
554 2079 694 2142 carmine
717 2077 807 2142 tibiis

311 2165 505 2250 Troiamque
530 2171 561 2230 et
584 2165 748 2233 Anchisen
773 2171 805 2231 et
829 2167 931 2232 almae

355 2257 543 2342 progeniem
567 2255 702 2321 Veneris
727 2278 887 2322 canemus.
914 2287 916 2291 ⁷

159 2394 253 2464 &A
324 2395 461 2467 upum

162 2518 197 2572 15
222 2519 430 2592 onusqppp,
458 2522 550 2574 ortum
574 2521 605 2573 e1
714 2520 751 2575 18
771 2519 866 2591 exiget
891 2522 937 2591 (rt.
956 2503 1062 2590 noi

89 2591 201 2658 Porph.,
221 2591 323 2645 eximet
342 2592 392 2646 Fe
481 2591 519 2645 23
538 2608 593 2660 que
611 2593 647 2663 G)
664 2592 715 2664 ῥῇ,
733 2607 769 2646 ue
789 2595 813 2647 Φ
