2386 3974
85 205 148 270 178
477 204 584 261 SERM.
604 205 660 261 12.
680 210 704 260 3.

84 377 123 416 120
137 351 226 414 illam
251 351 337 435 ‘post
359 351 467 435 paulo'
493 351 561 415 ‘sed
584 350 698 435 pluris’
724 349 765 414 ‘si
787 348 905 414 exierit
925 349 986 415 vir'

139 439 251 523 Gallis,
273 440 356 505 hana
375 440 584 505 Philodamus
603 440 649 503 ait
667 439 738 523 sibi,
762 460 844 523 quae
862 460 967 523 neque
983 458 1078 523 magau

139 533 202 594 stet
224 531 329 613 pretio
352 551 456 614 neque
480 533 656 612 cunctetur,
679 550 752 593 cum
776 531 826 592 est
849 529 945 612 iussa,
966 527 1064 592 venire.

137 619 272 683 sandida
284 623 435 702 rectaque
449 618 501 702 sit,
519 618 640 682 munda
652 617 818 701 hactenus,
837 620 875 682 ut
890 639 991 702 neque
1001 616 1075 701 longa

134 729 194 772 nec
217 708 319 794 magis
343 708 416 772 alba
438 707 517 772 velit
541 729 637 791 quam
661 707 717 771 dat
738 712 856 771 natura
878 707 988 772 videri

85 823 124 864 ns
138 796 218 862 haee
240 798 297 861 ubi
321 797 493 881 supposuit
515 797 628 862 dextro
653 817 770 880 eorpus
793 796 876 860 mihi
899 795 1025 876 laevom,

138 885 199 951 Ilia
223 890 255 950 et
277 886 395 971 Egeria
418 890 482 970 est3
506 886 546 951 do
570 907 688 950 nomen
712 884 882 968 quodlibet
905 885 961 952 illi.

135 998 194 1040 nec
218 997 338 1060 vereor,
361 997 409 1060 ne,
433 976 510 1039 dum
532 975 636 1058 tutuo,
659 975 710 1039 vir
732 995 807 1038 rure
829 978 980 1060 recurrat,

137 1066 232 1129 ianua
255 1066 433 1150 frangatur,
456 1065 552 1128 latret
575 1064 672 1148 sanis,
696 1063 838 1147 undique
860 1085 978 1150 magno

136 1154 230 1238 pulsa
253 1154 366 1219 domus
390 1153 528 1238 strepitu
550 1157 688 1237 resonet,
712 1152 874 1236 vepallida
896 1153 978 1219 leuto

84 1269 123 1310 ue
137 1244 263 1308 desiliat
285 1244 409 1328 mulier,
432 1243 581 1307 miseram
606 1264 639 1306 se
663 1242 791 1306 conscia
815 1241 941 1327 elamet,

137 1332 285 1397 cruribus
307 1332 386 1397 haec
409 1336 542 1417 metuat,
565 1331 633 1396 doti
657 1332 822 1415 deprensa,
846 1335 974 1419 egomet
993 1328 1035 1395 mi
1067 1386 1072 1407 ‚

138 1422 292 1487 discincta
314 1422 424 1486 tunica
446 1421 637 1506 fugiendum
660 1424 709 1484 est
732 1425 764 1485 et
786 1421 868 1505 pede
891 1421 986 1504 nudo,

137 1533 178 1575 ne
200 1511 325 1575 nummi
348 1516 481 1594 pereant
504 1514 560 1574 aut
583 1532 670 1595 puga
693 1513 750 1574 aut
774 1510 914 1595 denique
936 1511 1020 1575 fama

138 1600 291 1684 deprendi
314 1601 467 1665 misemm
490 1603 552 1664 est:
576 1599 677 1664 Fabio
700 1599 752 1663 vel
775 1599 882 1664 iudice
905 1600 1027 1664 vineam.

515 1780 674 1787 —.

566 1900 623 1968 III.

140 2008 297 2074 Omnibus
320 2009 383 2086 hoe
406 2009 522 2073 vitium
546 2013 594 2073 est
617 2009 813 2093 cantoribus,
836 2009 923 2074 inter
945 2007 1048 2073 amisus

139 2104 176 2163 ut
199 2121 376 2182 numquam
400 2098 553 2163 inducant
576 2099 719 2163 animum
743 2102 875 2164 eantare
898 2098 1009 2185 rogati,

139 2188 253 2253 iniussi
276 2210 452 2271 numquam
477 2187 641 2253 desistant.
689 2186 808 2252 Sardus
833 2187 974 2253 habebat

138 2278 193 2342 ifle
217 2277 373 2363 Tigellius
395 2277 471 2341 hoc:
496 2275 621 2361 Caesar,
645 2278 701 2360 qui
725 2299 840 2362 cogere
862 2281 982 2362 posset,

155 2409 357 2480 <sanun
426 2408 614 2479 qnam
629 2410 711 2477 nat)

158 2523 216 2579 120
234 2524 314 2578 illam
332 2525 368 2595 Q
385 2524 424 2596 Q
443 2524 543 2594 Porpt.
564 2525 592 2593 (i.
611 2524 693 2579 schol.
713 2525 784 2594 FV)
805 2525 930 2596 (Prien),
958 2522 1047 2579 illaB

87 2596 180 2650 illam:
208 2598 274 2665 post
301 2595 432 2665 paulum,
461 2596 510 2650 sed
538 2595 628 2649 multo
657 2597 715 2664 (sie)
739 2597 771 2650 ob
794 2596 861 2664 post
885 2594 1003 2665 paulum
1024 2592 1086 2660 affert

86 2668 173 2722 saue.
194 2671 244 2734 18,
262 2671 318 2721 245
341 2685 370 2736 p.
391 2671 514 2734 330,15
604 2666 689 2736 paulo
712 2667 748 2738 Q
765 2666 804 2739 Q
822 2668 963 2737 (Papa),
989 2663 1087 2737 paulun

86 2740 175 2794 Prisc.
198 2740 230 2793 iu
258 2740 314 2794 loco
342 2745 470 2807 corrupto
498 2740 538 2793 ael
565 2740 768 2805 cantaminum
795 2739 829 2805 cf.
856 2756 940 2795 carm.
963 2742 989 2806 3,
1010 2740 1051 2803 20,
1068 2735 1088 2787 3·

86 2812 162 2879 epist.
179 2814 204 2875 1,
219 2815 244 2877 6,
259 2814 294 2864 43
344 2809 433 2878 pluria
447 2810 483 2881 Q
496 2810 534 2881 Q
548 2813 617 2879 (Por
636 2812 681 2880 la),
700 2809 790 2864 multo
805 2811 917 2879 (Prisc.)
969 2808 1024 2864 121
1056 2803 1090 2861 li·

86 2881 215 2936 lodamus
229 2881 280 2953 Q,
294 2881 525 2952 philqdemusQ
575 2828 635 2936 lai
648 2882 698 2935 dat
713 2881 762 3006 Q,
781 2881 831 2936 det
844 2881 918 2954 QD
970 2880 1027 2936 125
1081 2904 1091 2915 ·
1128 2880 1130 2901 ¹

87 2956 164 3007 trum
183 2969 205 3007 e.
225 2971 260 3006 m.
280 2952 361 3007 laevo
381 2970 397 3011 ς
416 2953 572 3008 Lambinus
681 2952 717 3007 12
761 2969 861 3008 uereor
878 2953 929 3024 Q,
956 2945 1093 3021 metuo&

89 3024 146 3079 lae
165 3025 240 3093 u(a)e
263 3023 373 3093 pallida
389 3024 427 3094 Q
443 3024 481 3099 Q
500 3025 616 3092 quidam
640 3027 811 3094 putaverunt
830 3024 1002 3093 ‘uepallida'
1021 3036 1093 3077 nnn

87 3097 199 3165 paitem
217 3095 354 3149 orationis
373 3111 433 3149 esse
506 3097 539 3148 ut
557 3096 698 3167 significet
715 3095 808 3151 ‘valde
821 3095 955 3164 pallida’,
974 3096 1024 3152 sed
1035 3089 1095 3148 mili

86 3167 198 3222 videtur
224 3167 298 3221 ‘uae’
329 3167 469 3220 imitativo
496 3167 657 3222 charactere
677 3168 798 3234 dictum,
826 3169 860 3221 ut
883 3166 937 3222 illa
956 3211 962 3222 .
984 3211 989 3222 .
1010 3166 1095 3222 aas

87 3239 300 3293 lamentationis
318 3255 414 3293 vocem
433 3238 559 3306 proferat
578 3240 696 3309 Porph.;
715 3255 749 3292 ne
768 3238 878 3307 pallida
898 3256 915 3298 ς
979 3238 1035 3295 lau
1051 3235 1096 3291 De·

90 3310 167 3365 siliat
184 3310 233 3381 Q,
257 3310 388 3365 Dissiliat
405 3309 443 3380 Q
533 3310 590 3364 133
609 3327 686 3380 puga
706 3311 785 3379 (fuga
804 3312 842 3379 B)
862 3311 975 3377 BER,
994 3305 1097 3382 erqolj)

87 3381 137 3454 Q3
157 3382 226 3452 piga
240 3383 282 3447 D,
302 3384 416 3451 pnge
433 3384 464 3448 Φ,
483 3398 559 3450 pyga
574 3401 592 3436 a
646 3380 703 3436 134
717 3381 805 3435 Fabio
819 3381 873 3436 hoc
888 3381 933 3436 vel
948 3382 1097 3447 Peerltm

160 3453 193 3524 3,
214 3453 229 3507 1
255 3455 287 3508 ob
310 3455 472 3508 seutentiam
495 3453 576 3518 effert
595 3455 673 3508 Hier.
694 3456 770 3522 epist.
791 3458 809 3507 6
827 3470 858 3522 p.
879 3457 936 3508 388
956 3455 1053 3524 Miqne
1071 3449 1097 3503 ul

88 3525 129 3578 ait
147 3524 265 3579 Flaccus
284 3525 314 3580 in
332 3527 441 3578 satura:
462 3524 590 3578 omnibus
606 3556 639 3565 —
655 3527 769 3589 amisos,
788 3524 883 3593 rogati
902 3528 936 3578 ut
955 3536 1097 3592 numquam

89 3598 212 3663 cantent,
231 3597 332 3650 iniussi
350 3612 504 3664 numquam
523 3596 670 3649 desistant.
