2386 3974
136 179 202 242 222
548 177 653 233 SERM.
671 177 698 231 Π
716 183 741 232 3.

137 323 283 407 coeperis
306 323 423 407 inpexa
445 323 576 387 foedum
599 323 786 408 porrigine?
832 345 940 408 quare,

138 414 165 477 si
189 413 317 498 quidvis
341 412 419 476 satis
442 416 500 495 est,
522 413 677 496 periuras,
701 412 845 496 surripis,
868 413 975 476 aufers

135 502 301 585 undique?
346 505 406 565 tun
429 502 546 565 sanus?
591 501 748 585 populum
772 503 800 564 si
824 501 953 586 caedere
977 503 1064 565 saxis

139 592 274 674 incipias
299 611 446 654 servosve
469 593 557 672 tuos,
581 611 661 672 quos
685 612 757 653 aere
780 591 917 674 pararis,

82 706 123 745 rao
137 679 286 744 insanum
310 684 342 743 te
367 701 478 744 omnes
500 679 592 763 pueri
617 680 818 761 clamentque
841 674 982 763 puellae3

136 791 210 833 oum
233 768 348 852 laqueo
372 790 506 833 uxorem
529 768 688 831 interimis
711 772 911 851 matremque
934 790 1072 851 veneno,

137 857 293 923 incolumi
308 859 410 941 capite
426 856 481 920 es?
506 857 584 938 quid
598 857 706 920 enim?
728 879 832 940 neque
844 861 884 920 'tu
892 858 1046 923 hocfecis
1056 857 1153 944 Argis

136 968 195 1011 neo
217 947 302 1010 ferro
325 950 364 1009 ut
386 946 516 1009 demens
539 947 733 1032 genetricem
757 947 875 1010 occidis
899 944 1037 1011 Orestes.

136 1058 179 1099 an
201 1038 239 1100 tu
261 1037 341 1099 reris
364 1057 437 1099 eum
462 1036 567 1100 occisa
590 1035 748 1098 insanisse
770 1039 904 1118 parente

83 1150 122 1191 ras
137 1147 175 1189 ac
197 1147 263 1189 non
286 1128 360 1188 ante
384 1125 478 1188 malis
502 1124 681 1187 dementem
705 1128 813 1188 aetum
836 1123 943 1188 Furiis
967 1147 1065 1208 quarn

137 1215 173 1278 in
196 1213 308 1278 matris
332 1214 444 1298 iugulo
468 1213 589 1276 ferrum
613 1213 765 1296 tepefecit
788 1214 939 1277 acutum?

136 1303 224 1387 quin,
248 1324 287 1366 ex
310 1324 374 1384 quo
398 1306 446 1366 est
468 1301 597 1365 habitus
615 1302 699 1366 male
717 1306 807 1365 tutae
826 1303 943 1367 mentis
963 1300 1105 1388 Orestes,

137 1393 185 1457 nil
209 1413 285 1457 sane
307 1391 386 1456 feeit
408 1392 496 1474 quod
519 1395 554 1455 tu
578 1391 808 1474 reprehendere
832 1392 952 1474 possis:

137 1503 203 1547 non
226 1480 371 1564 Pyladen
392 1480 477 1544 ferro
501 1481 622 1544 violare
646 1502 782 1545 aususve
806 1502 949 1545 sororem

84 1596 124 1635 no
137 1569 303 1650 Electran,
328 1572 455 1633 tantum
478 1569 641 1633 maledicit
663 1570 793 1651 utrique
816 1570 960 1635 vocando

136 1660 220 1723 hano
233 1658 373 1741 Furiam,
391 1657 478 1722 hunc
496 1658 593 1741 aliud,
612 1659 706 1721 iussit
726 1659 812 1740 quod
831 1658 999 1743 splendida
1016 1659 1103 1724 bilis.

137 1770 260 1832 pauper
283 1745 430 1830 Opimius
455 1748 579 1832 argenti
603 1748 701 1831 positi
725 1749 812 1811 intus
836 1751 868 1812 et
891 1749 974 1833 auri,

137 1838 194 1919 qui
219 1835 432 1901 Veientanum
455 1836 546 1899 festis
570 1841 683 1920 potare
708 1837 819 1901 diebus

139 1925 302 2008 Campana
326 1925 440 1989 solitus
464 1924 563 1988 trulla
585 1948 785 2009 vappamque
808 1926 975 2011 profestis,

84 2040 123 2081 ns
138 2015 301 2098 quondam
324 2014 471 2096 lethargo
496 2015 610 2100 grandi
634 2019 683 2078 est
706 2036 893 2098 oppressus,
916 2019 953 2078 ut
976 2014 1071 2079 heres

138 2105 204 2168 iam
228 2104 347 2167 circum
371 2104 495 2167 loculos
519 2108 552 2167 et
575 2105 674 2167 clavis
696 2103 809 2167 laetus
826 2125 989 2187 ovansque

137 2197 286 2257 curreret.
332 2193 418 2256 hune
441 2193 583 2256 medicus
607 2192 746 2256 multum
770 2193 853 2256 celer
876 2198 972 2276 atque
995 2193 1104 2258 fidelis

137 2282 257 2347 excitat
279 2282 342 2347 hoc
364 2285 472 2366 pacto:
496 2303 639 2345 mensam
663 2283 741 2365 poni
764 2281 853 2345 iubet
877 2285 975 2364 atque

137 2371 258 2436 effundi
283 2392 390 2435 saccos
414 2393 632 2453 nummorum,
658 2371 807 2435 accedere
830 2371 939 2454 plures

85 2462 179 2526 moad
197 2460 445 2524 numerandum:
468 2460 634 2524 hominem
653 2461 699 2524 sic
718 2460 827 2545 erigit,
847 2459 936 2523 addit
955 2463 988 2523 et
1007 2459 1102 2524 illud:

139 2550 185 2612 ‘ni
209 2554 265 2612 tua
288 2550 445 2632 custodis,
469 2549 580 2613 avidus
604 2549 668 2612 iam
691 2548 770 2613 haec
794 2549 917 2613 auferet
939 2548 1054 2613 heres'

138 2639 224 2702 ‘men
238 2638 346 2703 vivo?
373 2640 420 2701 ‘ut
433 2638 523 2701 vivas
538 2638 647 2722 igitur,
661 2637 769 2722 vigila.
792 2638 944 2723 hooage?
969 2637 1155 2720 ‘quidvis‘l'

139 2728 301 2791 ‘deficient
323 2728 453 2809 inopem
477 2748 575 2790 venae
599 2731 644 2811 te,
667 2729 701 2790 ni
725 2727 815 2791 cibus
839 2730 935 2811 atque

137 2816 251 2902 ingens
275 2817 398 2880 accedit
422 2816 588 2880 stomacho
611 2816 735 2880 fultura
758 2818 873 2882 menti.

84 2931 123 2972 ras
137 2909 175 2968 tu
198 2905 323 2969 cessas?
365 2905 510 2990 agedum,
535 2927 625 2968 sume
647 2905 710 2968 hoc
732 2905 946 2989 ptisanarium
965 2906 1101 2988 oryzae?

208 3064 373 3133 &aaa
442 3062 540 3133 cM

210 3205 267 3259 128
290 3207 342 3258 tun
366 3207 443 3275 (tuno
461 3205 501 3275 D)
526 3223 609 3259 sanus
628 3207 676 3276 Q),
704 3209 736 3258 tu
759 3206 875 3259 insanus
896 3209 919 3258 Φ
1010 3204 1068 3258 129
1092 3207 1157 3259 tuos

136 3278 174 3348 (D
191 3277 241 3349 ᾧ),
269 3278 318 3330 tuo
344 3277 460 3335 coras
533 3275 589 3330 142
619 3277 740 3346 opimius
767 3279 803 3347 Q)
831 3278 967 3346 (Pouet),
995 3276 1108 3344 opimus
1133 3280 1158 3330 Φ

138 3348 195 3402 152
215 3348 284 3416 quid
302 3349 351 3419 Θ,
370 3347 445 3416 quod
460 3347 533 3401 D¹o
595 3348 652 3402 153
673 3348 809 3403 Defioicnt
827 3350 863 3419 Q)
876 3348 926 3419 pp,
946 3347 1087 3401 Deficiunt
1106 3350 1158 3408 Ες

138 3418 196 3473 154
220 3419 331 3473 accedit
352 3420 389 3489 Q)
406 3418 457 3490 Θ,
486 3420 603 3473 accedat
625 3421 677 3474 Da
768 3420 825 3473 155
853 3420 902 3473 sut
932 3420 1053 3474 remerare
1082 3419 1158 3474 oriae

137 3493 261 3633 effepapgc
281 3492 433 3546 Vatic259
469 3490 636 3544 tisanarium
652 3494 719 3560 (tps-
736 3495 759 3544 Φ
775 3509 814 3545 err.
837 3493 907 3560 Vct.)
921 3492 957 3560 Q)
970 3489 1008 3562 Θ
1022 3492 1157 3560 (exemplo

165 3582 182 3616 a
207 3580 227 3616 c.
