2400 3968
499 211 608 266 CARM.
623 212 636 266 I
652 218 691 265 16.

242 381 308 423 non
331 356 546 441 Dindymene,
569 379 635 422 non
659 357 764 441 adytis
788 356 895 440 quatit

244 451 384 513 mentem
407 446 609 512 sacerdotum
632 446 739 511 incola
760 445 913 531 Pythius,

287 558 352 600 non
375 534 473 600 Liber
496 557 596 619 aeque
602 586 611 621 ,
633 557 700 599 non
722 539 818 600 acuta

232 696 234 701 .
333 627 360 690 si
384 626 549 708 geminant
573 623 772 709 Corybantes
795 645 882 706 aera,

242 803 352 869 tristes
375 806 412 867 ut
435 802 515 886 irae,
538 823 618 886 quas
641 824 745 886 neque
767 800 909 869 Noricus

244 893 383 956 deterret
406 893 490 957 ensis
513 913 573 957 nec
595 913 682 955 mare
705 891 898 977 naufragum

286 1002 346 1045 neo
369 1002 479 1047 saevos
503 980 588 1065 ignis
610 1002 670 1045 nec
692 981 859 1046 tremendo

331 1069 480 1155 Iuppiter
502 1069 571 1153 ipse
595 1091 691 1134 ruens
715 1071 867 1135 tumultu.

243 1249 347 1313 fertur
369 1246 580 1312 Prometheus
604 1246 719 1311 addere
741 1247 882 1332 principi

242 1339 321 1402 limo
346 1340 474 1401 coactus
498 1336 689 1422 particulam
712 1335 855 1422 undique

288 1426 447 1491 desectam
470 1429 503 1489 et
524 1425 630 1490 insani
653 1425 756 1491 leonis

332 1517 399 1581 vim
423 1513 588 1580 stomacho
613 1513 800 1598 adposuisse
823 1517 944 1580 nostro.

243 1695 309 1757 irae
333 1691 495 1776 Thyesten
518 1693 617 1757 exitio
641 1693 732 1776 gravi

244 1786 383 1848 stravere
407 1785 439 1845 et
462 1781 537 1846 altis
559 1781 694 1847 urbibus
718 1780 851 1847 ultimae

288 1876 404 1936 stetere
427 1891 556 1952 causae,
580 1893 637 1938 our
659 1870 802 1954 perirent

332 1960 479 2026 funditus
502 1960 754 2044 inprimeretque
777 1960 878 2024 muris

243 2137 362 2204 hostile
386 2141 529 2201 aratrum
553 2138 710 2202 exercitus
734 2137 884 2202 insolens.

249 2248 404 2311 conpesce
426 2229 581 2290 mentem:
604 2249 656 2290 me
680 2248 808 2309 quoque
831 2227 972 2311 pectoris

288 2317 461 2400 temptavit
483 2316 516 2379 in
541 2315 627 2379 dulei
650 2316 781 2379 iuventa

332 2407 440 2469 fervor
463 2408 496 2467 et
518 2404 552 2467 in
576 2402 694 2467 celeres
718 2403 842 2470 iambos

245 2583 335 2648 misit
356 2583 525 2647 furentem.
571 2602 658 2646 nunc
680 2604 741 2667 ego
765 2582 900 2647 mitibus

244 2676 370 2736 mutare
394 2693 512 2755 quaero
535 2671 656 2754 tristia,
681 2670 758 2735 dum
780 2670 861 2734 mihi

288 2763 347 2826 fias
370 2761 544 2825 recantatis
567 2760 670 2825 amica

334 2848 516 2934 opprobriis
540 2849 747 2931 animumque
770 2848 893 2915 reddas.

159 3026 369 3096 (urrann
438 3024 575 3095 (maso

160 3187 178 3240 5
198 3185 284 3240 aditis
304 3185 408 3254 (adytis
423 3186 495 3253 ER)
514 3185 550 3256 Θ
567 3185 618 3256 Θ,
638 3185 718 3254 adyti
732 3185 922 3240 Hemsterhus's
987 3185 1001 3238 1
1023 3187 1105 3243 acuta

90 3291 123 3297 -
142 3275 208 3312 aera
227 3260 258 3313 ob
273 3259 357 3310 acuta
371 3256 450 3310 schol.
466 3257 524 3310 ΑΓ
541 3274 623 3310 carm.
640 3263 665 3324 1,
680 3260 723 3322 34,
739 3260 773 3310 15
846 3256 863 3310 8
884 3256 913 3310 Si
931 3255 966 3309 22¹
981 3257 1106 3329 Bentley,

90 3329 135 3383 Sic
153 3330 189 3399 Q)
207 3329 245 3401 Θ
263 3329 352 3396 (astrol.
368 3330 438 3396 ΑΓ)
522 3327 766 3382 15-280m.13
849 3326 886 3380 18
906 3327 972 3381 altis
992 3359 1025 3369 -
1044 3327 1106 3383 fun·

89 3401 165 3454 ditus
189 3404 221 3456 ob
246 3417 294 3454 cur
321 3400 466 3453 relativum
490 3400 576 3452 Prisc.
597 3403 641 3465 17,
660 3403 695 3451 49
714 3402 824 3468 p.137‚
847 3403 885 3454 25
1003 3398 1043 3454 20
1065 3400 1107 3457 iu·

88 3471 323 3545 prim<er>etque
343 3503 376 3509 -
396 3471 521 3524 aratrum
540 3472 572 3524 ob
591 3487 647 3523 rem
665 3470 738 3525 Serv.
754 3472 823 3524 Aea.
839 3475 865 3537 4,
882 3474 939 3524 212
