2386 3974
495 201 604 258 cARM.
615 203 646 258 Π
660 209 702 259 16.

220 348 341 414 vivitur
363 369 463 432 parvo
486 349 569 413 bene
593 349 645 414 oui
667 352 838 433 paternum

220 436 368 521 splendet
391 436 425 500 in
447 459 559 502 mensa
581 438 672 502 tenui
694 439 836 503 salinum

219 547 279 591 neo
301 525 382 590 levis
404 546 536 592 somnos
558 527 658 592 timor
680 531 737 593 aut
760 528 878 613 eupido

265 614 412 681 sordidus
435 616 548 681 aufert.

221 739 299 824 quid
321 740 412 805 brevi
434 739 536 806 fortes
560 740 739 807 iaoulamur
761 763 841 807 aevo

220 827 344 893 multa?
390 828 469 913 quid
491 832 593 895 terras
616 829 680 896 alio
704 829 840 896 calentis

220 917 288 982 sole
310 919 495 984 mutamus?
540 918 664 1003 patriae
687 921 761 1005 quis
784 921 878 985 exsul

265 1028 299 1070 se
323 1027 452 1090 quoque
473 1008 583 1094 fugit?

221 1131 345 1196 scandit
367 1135 492 1195 aeratas
515 1133 633 1198 vitiosa
654 1134 747 1198 navis

221 1219 304 1284 Cura
326 1241 385 1285 neo
408 1224 531 1286 turmas
554 1221 701 1305 equitum
723 1222 880 1306 relinquit

220 1311 309 1375 ocior
331 1311 432 1374 cervis
455 1313 489 1375 et
512 1315 627 1395 agente
649 1311 780 1376 nimbos

264 1399 352 1463 ooior
374 1398 473 1464 Euro.

218 1523 322 1587 laetus
346 1523 381 1587 in
402 1545 553 1608 praesens
576 1524 702 1589 animus
726 1525 815 1609 quod
837 1525 922 1590 ultra
942 1525 984 1587 est

219 1612 323 1676 oderit
346 1632 456 1678 ourare
479 1617 512 1678 et
536 1635 643 1677 amara
665 1613 754 1677 lento

219 1705 376 1784 temperet
397 1703 479 1767 risu:
502 1701 585 1766 nihil
608 1705 658 1767 est
680 1702 721 1767 ab
745 1705 833 1766 omni

263 1795 355 1875 parte
377 1790 517 1856 beatum.

219 1914 353 1979 abstulit
376 1913 499 1980 olerum
523 1917 587 1982 oita
608 1936 695 1981 mors
718 1913 891 2001 thillem‚

219 2007 317 2089 longa
339 2003 516 2069 Tithonum
540 2005 659 2070 minuit
681 2009 829 2070 senectus

218 2099 252 2159 et
274 2094 355 2158 mihi
377 2093 488 2159 forsan
510 2095 571 2159 tibi
595 2094 682 2178 quod
703 2095 833 2181 negarit

262 2184 407 2269 porriget
429 2183 518 2248 hora.

218 2314 250 2374 te
274 2331 388 2396 greges
412 2313 540 2373 eentum
561 2306 750 2390 Siculaeque
774 2308 896 2372 oiroum

218 2400 368 2485 mugiunt
391 2420 518 2482 vaooae,
540 2396 603 2461 tibi
624 2396 713 2461 tollit
735 2395 900 2462 hinnitum

219 2491 296 2571 apta
319 2487 483 2574 quadrigis
507 2508 601 2570 equa,
624 2490 657 2552 te
679 2486 731 2549 bis
754 2483 837 2550 Afro

263 2578 384 2641 muriae
407 2577 527 2641 tinctae

218 2702 361 2766 vestiunt
383 2699 487 2764 lanae:
511 2699 591 2763 mihi
614 2722 713 2784 parva
735 2722 811 2763 rura
834 2705 867 2762 et

219 2790 369 2875 spiritum
394 2787 507 2855 Graiae
530 2792 659 2853 tenuem
683 2787 839 2853 Camenae

218 2879 319 2945 Paroa
340 2900 408 2945 non
429 2877 567 2942 mendax
590 2878 678 2943 dedit
700 2882 734 2942 et
756 2878 936 2964 malignum

84 2995 111 3037 ao
264 2990 412 3052 spernere
435 2968 559 3054 volgus.

155 3127 364 3199 &Anna
433 3126 623 3197 aa:1a‹e(=
638 3126 731 3194 aaa)

156 3251 194 3306 la
216 3253 365 3319 paternum
382 3251 419 3322 Q)
440 3249 478 3322 Θ
496 3250 608 3319 Ρονρὴ,,
630 3251 747 3318 paterno
767 3251 820 3304 Fa
912 3250 949 3304 15
967 3266 1012 3304 ne(

86 3323 188 3392 cupido
208 3355 241 3362 —
261 3321 354 3376 aufert
371 3324 404 3377 ob
423 3338 503 3376 masc.
524 3320 626 3390 cupido
646 3322 916 3389 Serera.5,122
979 3321 1012 3376 ‘fd

85 3395 245 3465 lirrosa]
318 3392 357 3447 26
376 3392 551 3448 amarulenta
572 3392 718 3448 Francken
800 3391 835 3446 27
857 3394 963 3448 Arason.
984 3397 1012 3447 It

85 3483 180 3521 versus
198 3464 311 3519 Horati:
339 3465 381 3518 nil
405 3466 447 3519 est
470 3464 506 3518 ob
528 3465 604 3517 omni
626 3465 707 3534 parte
730 3463 847 3517 beatum
938 3464 1011 3520 soa

84 3538 157 3594 Sero.
177 3539 246 3592 Aen.
265 3541 290 3602 4,
311 3541 367 3591 585
457 3535 494 3590 al
514 3534 609 3589 forsan
627 3536 664 3607 (D
680 3534 741 3607 Q·
754 3533 843 3588 forset
863 3538 887 3589 Φ
