2400 3968
336 227 444 283 GARM.
459 229 498 283 ΙΠ
516 235 540 284 5.

118 374 179 439 sub
202 396 278 461 rege
301 374 396 439 Medo
420 373 546 439 Mersus
571 379 603 438 et
625 375 762 461 Apulus,

115 463 306 528 anciliorum
333 467 366 528 et
388 464 527 529 nominis
551 469 583 528 et
606 468 701 551 togae

168 552 289 618 oblitus
311 557 522 637 aeternaeque
545 553 672 637 Vestae,

207 642 363 707 incolumi
385 640 462 707 Iove
486 647 518 707 et
540 643 620 707 urbe
641 642 768 707 Rome?

117 767 180 832 hoc
203 770 332 832 caverat
353 789 443 831 mens
465 767 600 852 provida
622 767 741 853 Reguli

118 857 337 921 dissentientis
360 857 602 921 condicionibus

163 945 266 1011 foedis
289 949 323 1009 et
345 946 491 1029 exemplo
514 945 673 1010 trahentis

207 1035 382 1118 perniciem
405 1037 537 1099 veniens
561 1035 595 1098 in
618 1056 739 1119 aevom,

119 1160 146 1223 si
170 1180 236 1224 non
258 1161 378 1244 periret
400 1161 464 1223 iem
488 1158 680 1224 miserabilis

117 1248 246 1333 captive
268 1248 378 1333 pubes.
426 1250 530 1335 ‘signe
553 1270 613 1335 ego
637 1248 768 1313 Punicis

162 1337 268 1401 edfixe
291 1338 433 1402 delubris
456 1343 489 1401 et
512 1359 600 1401 erma

206 1427 365 1491 militibus
389 1428 458 1493 sine
481 1427 587 1492 caede’
612 1426 695 1489 dixit

118 1551 262 1635 ‘derepta
283 1552 364 1635 vidi,
387 1551 454 1615 vidi
478 1573 538 1636 ego
562 1551 680 1615 civium

117 1645 239 1705 retorta
262 1644 355 1727 tergo
378 1639 529 1704 bracchia
551 1639 653 1705 libero

162 1734 337 1814 portasque
359 1752 426 1794 non
449 1731 573 1793 clausas
597 1732 629 1793 et
652 1751 727 1793 erue

206 1818 310 1882 Marte
334 1819 396 1883 coli
419 1819 574 1903 populate
596 1822 715 1883 nostro.

118 1965 196 2007 auro
220 1965 374 2027 repensus
399 1942 522 2007 scilicet
545 1943 649 2006 acrior

116 2033 209 2097 miles
232 2033 362 2097 redibit:
385 2033 510 2118 flagitio
534 2032 652 2096 additis
751 2084 753 2086 .

161 2121 326 2206 damnum3
349 2143 453 2204 neque
476 2122 610 2186 emissos
634 2121 757 2186 colores

205 2211 279 2274 lane
301 2212 401 2274 refert
423 2211 581 2275 medicata
603 2211 678 2274 fuco

115 2356 176 2399 neo
197 2357 273 2398 vera
295 2335 411 2417 virtus,
435 2358 508 2400 oum
530 2337 630 2399 semel
652 2334 779 2417 excidit,

117 2428 207 2488 curet
229 2425 343 2508 reponi
366 2425 586 2489 deterioribus.

161 2515 188 2577 si
211 2519 337 2597 pugnet
360 2515 514 2578 extricata
537 2513 644 2577 densis

205 2624 298 2666 cerva
320 2604 440 2689 plagis,
464 2603 526 2667 erit
549 2602 604 2667 ille
626 2602 722 2666 fortis

69 2761 174 2814 nnn
243 2759 379 2831 &ne

69 2933 98 2986 ᾗ
124 2902 230 2955 oblitus
254 2904 286 2957 ob
309 2920 368 2972 oen.
389 2902 556 2956 anciliorum
585 2904 716 2969 adferunt
739 2902 811 2957 Sero.
832 2904 901 2956 Aen.
922 2908 948 2970 7,

69 2975 352 3099 tiillllluttt
367 2975 949 3114 titlt⁰ttllletttttltlt

73 3117 173 3186 Miqee
228 3118 257 3169 et
274 3134 300 3169 n.
315 3116 354 3188 Θ
367 3118 471 3170 Bleed.
482 3117 599 3187 (Cleusis.
610 3117 682 3171 Sero.
698 3119 790 3187 oute),
805 3119 834 3170 et
848 3134 898 3172 om.
912 3118 949 3187 Θ

69 3187 136 3242 serv.
148 3189 270 3242 Florioc.
282 3190 327 3242 Ps.
342 3189 505 3258 Cassiodor.)
572 3188 608 3241 15
627 3189 766 3242 trahentis
786 3189 852 3258 (soil.
867 3189 949 3256 pubis

78 3275 136 3312 noe
159 3259 316 3328 damnatae)
335 3260 371 3330 Θ
388 3259 427 3332 Θ
444 3261 546 3328 Porpb.
566 3261 625 3329 (qul
647 3261 716 3314 orale
739 3261 948 3328 iuterpretatur.-

79 3331 206 3383 trahenti
231 3332 331 3386 anter
422 3331 457 3384 17
478 3332 535 3385 iem
559 3330 728 3384 miserabilis
747 3333 882 3397 Detetzer,
905 3330 947 3382 in-

69 3401 100 3454 lis
119 3403 155 3472 Θ
177 3401 215 3474 Θ
233 3404 344 3470 Porpb,
367 3419 424 3456 non
448 3402 618 3456 miserabilis
643 3403 771 3457 Weidner
842 3401 947 3470 perires

82 3473 250 3542 Glareanus)
269 3473 469 3527 inmiserabilis
484 3474 649 3528 Lachmann
715 3472 752 3526 21
773 3473 896 3541 Dereptu
910 3475 947 3540 R,

69 3545 100 3615 Θ
116 3548 139 3597 Φ
154 3546 282 3615 (Bloed.)
363 3545 447 3612 29sq.
463 3547 495 3601 ob
513 3547 674 3600 seutentiam
689 3544 762 3598 Serv.
775 3546 842 3599 Aen.
852 3549 880 3611 2,
893 3549 947 3598 3e7

69 3616 145 3687 Am]
222 3616 258 3669 31
280 3617 304 3670 si
322 3649 358 3657 —
376 3616 470 3686 plagis
489 3617 521 3671 ob
541 3616 678 3670 extricata
696 3615 768 3669 Serv.
784 3618 854 3670 Aen.
871 3621 895 3682 6,
908 3619 947 3670 27

699 3703 733 3755 6*
