<?xml version="1.0" encoding="UTF-8"?>
<!DOCTYPE html PUBLIC "-//W3C//DTD XHTML 1.0 Transitional//EN"
    "http://www.w3.org/TR/xhtml1/DTD/xhtml1-transitional.dtd">
<html xmlns="http://www.w3.org/1999/xhtml" xml:lang="en" lang="en">
 <head>
  <title>
</title>
<meta http-equiv="Content-Type" content="text/html;charset=utf-8" />
  <meta name='ocr-system' content='tesseract 3.04.00' />
  <meta name='ocr-capabilities' content='ocr_page ocr_carea ocr_par ocr_line ocrx_word'/>
</head>
<body>
  <div class='ocr_page' id='page_1' title='image "./qhoratiflaccica00vollgoog_0269.png"; bbox 0 0 2400 3968; ppageno 0'>
   <div class='ocr_carea' id='block_1_1' title="bbox 92 230 712 296">
    <p class='ocr_par' dir='ltr' id='par_1_1' title="bbox 92 230 712 296">
     <span class='ocr_line' id='line_1_1' title="bbox 92 230 712 296; baseline -0.01 -2"><span class='ocrx_word' id='word_1_1' title='bbox 92 230 159 296; x_wconf 76' lang='lat'><strong>254</strong></span> <span class='ocrx_word' id='word_1_2' title='bbox 483 232 593 287; x_wconf 79' lang='lat' dir='ltr'>EPIST.</span> <span class='ocrx_word' id='word_1_3' title='bbox 613 232 668 287; x_wconf 86' lang='lat'><strong>11.</strong></span> <span class='ocrx_word' id='word_1_4' title='bbox 689 240 712 288; x_wconf 85' lang='lat' dir='ltr'><strong>a.</strong></span> 
     </span>
    </p>
   </div>
   <div class='ocr_carea' id='block_1_2' title="bbox 92 378 1135 1269">
    <p class='ocr_par' dir='ltr' id='par_1_2' title="bbox 92 378 940 552">
     <span class='ocr_line' id='line_1_2' title="bbox 145 378 901 466; baseline 0.008 -26"><span class='ocrx_word' id='word_1_5' title='bbox 145 381 270 441; x_wconf 75' lang='lat' dir='ltr'>aestuat</span> <span class='ocrx_word' id='word_1_6' title='bbox 293 381 324 441; x_wconf 91' lang='lat' dir='ltr'><strong>et</strong></span> <span class='ocrx_word' id='word_1_7' title='bbox 347 379 433 442; x_wconf 87' lang='lat' dir='ltr'><strong>vitae</strong></span> <span class='ocrx_word' id='word_1_8' title='bbox 456 378 656 444; x_wconf 76' lang='lat' dir='ltr'><strong>disconvenit</strong></span> <span class='ocrx_word' id='word_1_9' title='bbox 679 380 791 445; x_wconf 91' lang='lat' dir='ltr'><strong>ordine</strong></span> <span class='ocrx_word' id='word_1_10' title='bbox 814 384 901 466; x_wconf 90' lang='lat' dir='ltr'><strong>toto,</strong></span> 
     </span>
     <span class='ocr_line' id='line_1_3' title="bbox 92 467 940 552; baseline 0.002 -20"><span class='ocrx_word' id='word_1_11' title='bbox 92 493 131 532; x_wconf 83' lang='lat' dir='ltr'><strong>roo</strong></span> <span class='ocrx_word' id='word_1_12' title='bbox 145 467 257 551; x_wconf 81' lang='lat' dir='ltr'><strong>diruit,</strong></span> <span class='ocrx_word' id='word_1_13' title='bbox 281 468 440 551; x_wconf 87' lang='lat' dir='ltr'><strong>aedificat,</strong></span> <span class='ocrx_word' id='word_1_14' title='bbox 463 472 569 533; x_wconf 91' lang='lat' dir='ltr'><strong>mutat</strong></span> <span class='ocrx_word' id='word_1_15' title='bbox 591 469 746 552; x_wconf 85' lang='lat' dir='ltr'><strong>quadrata</strong></span> <span class='ocrx_word' id='word_1_16' title='bbox 767 470 940 534; x_wconf 81' lang='lat' dir='ltr'><strong>rotundis?</strong></span> 
     </span>
    </p>

    <p class='ocr_par' dir='ltr' id='par_1_3' title="bbox 145 555 906 644">
     <span class='ocr_line' id='line_1_4' title="bbox 145 555 906 644; baseline 0.008 -25"><span class='ocrx_word' id='word_1_17' title='bbox 145 555 284 620; x_wconf 80' lang='lat' dir='ltr'><strong>insanire</strong></span> <span class='ocrx_word' id='word_1_18' title='bbox 307 562 403 642; x_wconf 88' lang='lat' dir='ltr'><strong>putas</strong></span> <span class='ocrx_word' id='word_1_19' title='bbox 427 558 595 622; x_wconf 81' lang='lat' dir='ltr'><strong>sollemnia</strong></span> <span class='ocrx_word' id='word_1_20' title='bbox 617 579 669 622; x_wconf 92' lang='lat' dir='ltr'><strong>me</strong></span> <span class='ocrx_word' id='word_1_21' title='bbox 691 580 796 644; x_wconf 90' lang='lat' dir='ltr'><strong>neque</strong></span> <span class='ocrx_word' id='word_1_22' title='bbox 818 558 906 626; x_wconf 86' lang='lat' dir='ltr'><strong>rides</strong></span> 
     </span>
    </p>

    <p class='ocr_par' dir='ltr' id='par_1_4' title="bbox 144 647 850 734">
     <span class='ocr_line' id='line_1_5' title="bbox 144 647 850 734; baseline 0.006 -25"><span class='ocrx_word' id='word_1_23' title='bbox 144 667 204 712; x_wconf 88' lang='lat' dir='ltr'><strong>nec</strong></span> <span class='ocrx_word' id='word_1_24' title='bbox 227 647 344 711; x_wconf 90' lang='lat' dir='ltr'><strong>medici</strong></span> <span class='ocrx_word' id='word_1_25' title='bbox 367 647 470 711; x_wconf 91' lang='lat' dir='ltr'><strong>credis</strong></span> <span class='ocrx_word' id='word_1_26' title='bbox 492 668 552 712; x_wconf 90' lang='lat' dir='ltr'><strong>neo</strong></span> <span class='ocrx_word' id='word_1_27' title='bbox 576 650 732 713; x_wconf 91' lang='lat' dir='ltr'><strong>curatoris</strong></span> <span class='ocrx_word' id='word_1_28' title='bbox 755 670 850 734; x_wconf 85' lang='lat' dir='ltr'><strong>egere</strong></span> 
     </span>
    </p>

    <p class='ocr_par' dir='ltr' id='par_1_5' title="bbox 144 736 857 821">
     <span class='ocr_line' id='line_1_6' title="bbox 144 736 857 821; baseline 0.007 -24"><span class='ocrx_word' id='word_1_29' title='bbox 144 756 163 797; x_wconf 90' lang='lat' dir='ltr'><strong>a</strong></span> <span class='ocrx_word' id='word_1_30' title='bbox 186 738 332 819; x_wconf 89' lang='lat' dir='ltr'><strong>praetore</strong></span> <span class='ocrx_word' id='word_1_31' title='bbox 357 736 436 821; x_wconf 89' lang='lat' dir='ltr'><strong>dati,</strong></span> <span class='ocrx_word' id='word_1_32' title='bbox 459 759 566 801; x_wconf 90' lang='lat' dir='ltr'><strong>rerum</strong></span> <span class='ocrx_word' id='word_1_33' title='bbox 588 737 691 801; x_wconf 90' lang='lat' dir='ltr'><strong>tutela</strong></span> <span class='ocrx_word' id='word_1_34' title='bbox 715 760 857 802; x_wconf 89' lang='lat' dir='ltr'><strong>mearum</strong></span> 
     </span>
    </p>

    <p class='ocr_par' dir='ltr' id='par_1_6' title="bbox 92 825 1135 1001">
     <span class='ocr_line' id='line_1_7' title="bbox 146 825 1135 914; baseline 0.004 -25"><span class='ocrx_word' id='word_1_35' title='bbox 146 846 218 889; x_wconf 88' lang='lat' dir='ltr'><strong>cum</strong></span> <span class='ocrx_word' id='word_1_36' title='bbox 241 825 286 888; x_wconf 88' lang='lat' dir='ltr'><strong>sis</strong></span> <span class='ocrx_word' id='word_1_37' title='bbox 309 830 341 890; x_wconf 86' lang='lat' dir='ltr'><strong>et</strong></span> <span class='ocrx_word' id='word_1_38' title='bbox 363 848 461 910; x_wconf 87' lang='lat' dir='ltr'><strong>prave</strong></span> <span class='ocrx_word' id='word_1_39' title='bbox 484 831 607 891; x_wconf 89' lang='lat' dir='ltr'><strong>sectum</strong></span> <span class='ocrx_word' id='word_1_40' title='bbox 630 828 841 892; x_wconf 77' lang='lat' dir='ltr'><strong>stomacheris</strong></span> <span class='ocrx_word' id='word_1_41' title='bbox 865 827 908 892; x_wconf 92' lang='lat' dir='ltr'><strong>ob</strong></span> <span class='ocrx_word' id='word_1_42' title='bbox 931 850 1063 914; x_wconf 79' lang='lat' dir='ltr'><strong>unguem</strong></span> <span class='ocrx_word' id='word_1_43' title='bbox 1133 834 1135 845; x_wconf 93' lang='lat'>&#39;</span> 
     </span>
     <span class='ocr_line' id='line_1_8' title="bbox 92 913 864 1001; baseline 0.003 -23"><span class='ocrx_word' id='word_1_44' title='bbox 92 939 130 979; x_wconf 83' lang='grc' dir='ltr'><strong>ιοι</strong></span> <span class='ocrx_word' id='word_1_45' title='bbox 146 913 184 977; x_wconf 91' lang='lat' dir='ltr'><strong>de</strong></span> <span class='ocrx_word' id='word_1_46' title='bbox 207 918 240 978; x_wconf 88' lang='lat' dir='ltr'><strong>te</strong></span> <span class='ocrx_word' id='word_1_47' title='bbox 263 915 444 998; x_wconf 90' lang='lat' dir='ltr'><strong>pendentis,</strong></span> <span class='ocrx_word' id='word_1_48' title='bbox 467 920 499 980; x_wconf 90' lang='lat' dir='ltr'><strong>te</strong></span> <span class='ocrx_word' id='word_1_49' title='bbox 522 915 723 1001; x_wconf 86' lang='lat' dir='ltr'><strong>respicientis</strong></span> <span class='ocrx_word' id='word_1_50' title='bbox 745 916 864 981; x_wconf 78' lang='lat' dir='ltr'><strong>amici?</strong></span> 
     </span>
    </p>

    <p class='ocr_par' dir='ltr' id='par_1_7' title="bbox 144 1003 1053 1090">
     <span class='ocr_line' id='line_1_9' title="bbox 144 1003 1053 1090; baseline 0.006 -24"><span class='ocrx_word' id='word_1_51' title='bbox 144 1003 184 1067; x_wconf 90' lang='lat' dir='ltr'><strong>ad</strong></span> <span class='ocrx_word' id='word_1_52' title='bbox 207 1026 378 1069; x_wconf 90' lang='lat' dir='ltr'><strong>summam:</strong></span> <span class='ocrx_word' id='word_1_53' title='bbox 402 1005 528 1088; x_wconf 90' lang='lat' dir='ltr'><strong>sapiens</strong></span> <span class='ocrx_word' id='word_1_54' title='bbox 552 1026 616 1069; x_wconf 94' lang='lat' dir='ltr'><strong>uno</strong></span> <span class='ocrx_word' id='word_1_55' title='bbox 639 1005 747 1071; x_wconf 89' lang='lat' dir='ltr'><strong>minor</strong></span> <span class='ocrx_word' id='word_1_56' title='bbox 769 1003 935 1090; x_wconf 85' lang='lat' dir='ltr'><strong>est&#39;Iove,</strong></span> <span class='ocrx_word' id='word_1_57' title='bbox 958 1007 1053 1090; x_wconf 88' lang='lat' dir='ltr'><strong>dives,</strong></span> 
     </span>
    </p>

    <p class='ocr_par' dir='ltr' id='par_1_8' title="bbox 143 1092 985 1182">
     <span class='ocr_line' id='line_1_10' title="bbox 143 1092 985 1182; baseline 0.007 -27"><span class='ocrx_word' id='word_1_58' title='bbox 143 1092 238 1176; x_wconf 89' lang='lat' dir='ltr'><strong>liber,</strong></span> <span class='ocrx_word' id='word_1_59' title='bbox 261 1092 450 1177; x_wconf 90' lang='lat' dir='ltr'><strong>honoratus,</strong></span> <span class='ocrx_word' id='word_1_60' title='bbox 474 1092 592 1180; x_wconf 83' lang='lat' dir='ltr'><strong>pulcer,</strong></span> <span class='ocrx_word' id='word_1_61' title='bbox 616 1117 673 1159; x_wconf 85' lang='lat' dir='ltr'><strong>rex</strong></span> <span class='ocrx_word' id='word_1_62' title='bbox 695 1095 833 1181; x_wconf 83' lang='lat' dir='ltr'><strong>denique</strong></span> <span class='ocrx_word' id='word_1_63' title='bbox 855 1117 985 1182; x_wconf 82' lang='lat' dir='ltr'><strong>regum,</strong></span> 
     </span>
    </p>

    <p class='ocr_par' dir='ltr' id='par_1_9' title="bbox 143 1183 1013 1269">
     <span class='ocr_line' id='line_1_11' title="bbox 143 1183 1013 1269; baseline 0.007 -25"><span class='ocrx_word' id='word_1_64' title='bbox 143 1183 315 1266; x_wconf 78' lang='lat' dir='ltr'><strong>praecipue</strong></span> <span class='ocrx_word' id='word_1_65' title='bbox 339 1205 448 1269; x_wconf 90' lang='lat' dir='ltr'><strong>sanus,</strong></span> <span class='ocrx_word' id='word_1_66' title='bbox 471 1183 534 1247; x_wconf 91' lang='lat' dir='ltr'><strong>nisi</strong></span> <span class='ocrx_word' id='word_1_67' title='bbox 558 1205 630 1248; x_wconf 92' lang='lat' dir='ltr'><strong>oum</strong></span> <span class='ocrx_word' id='word_1_68' title='bbox 654 1184 771 1268; x_wconf 92' lang='lat' dir='ltr'><strong>pitvita</strong></span> <span class='ocrx_word' id='word_1_69' title='bbox 792 1185 932 1250; x_wconf 86' lang='lat' dir='ltr'><strong>molesta</strong></span> <span class='ocrx_word' id='word_1_70' title='bbox 956 1189 1013 1251; x_wconf 87' lang='lat' dir='ltr'><strong>est</strong></span> 
     </span>
    </p>
   </div>
   <div class='ocr_carea' id='block_1_3' title="bbox 577 1467 619 1536">
    <p class='ocr_par' dir='ltr' id='par_1_10' title="bbox 577 1467 619 1536">
     <span class='ocr_line' id='line_1_12' title="bbox 577 1467 619 1536; baseline 0.024 -1"><span class='ocrx_word' id='word_1_71' title='bbox 577 1467 619 1536; x_wconf 89' lang='lat' dir='ltr'><strong>H.</strong></span> 
     </span>
    </p>
   </div>
   <div class='ocr_carea' id='block_1_4' title="bbox 21 1574 1102 2911">
    <p class='ocr_par' dir='ltr' id='par_1_11' title="bbox 21 1574 1102 2911">
     <span class='ocr_line' id='line_1_13' title="bbox 143 1574 888 1661; baseline 0.005 -22"><span class='ocrx_word' id='word_1_72' title='bbox 143 1574 275 1640; x_wconf 55' lang='lat' dir='ltr'><strong>[troiani</strong></span> <span class='ocrx_word' id='word_1_73' title='bbox 297 1575 375 1640; x_wconf 93' lang='lat' dir='ltr'><strong>belli</strong></span> <span class='ocrx_word' id='word_1_74' title='bbox 399 1578 602 1661; x_wconf 80' lang='lat' dir='ltr'><strong>scriptorem,</strong></span> <span class='ocrx_word' id='word_1_75' title='bbox 625 1575 765 1642; x_wconf 77' lang='lat' dir='ltr'><strong>Maxime</strong></span> <span class='ocrx_word' id='word_1_76' title='bbox 788 1577 888 1661; x_wconf 88' lang='lat' dir='ltr'><strong>Lolli,</strong></span> 
     </span>
     <span class='ocr_line' id='line_1_14' title="bbox 143 1663 956 1754; baseline 0.005 -26"><span class='ocrx_word' id='word_1_77' title='bbox 143 1665 218 1728; x_wconf 92' lang='lat' dir='ltr'><strong>dum</strong></span> <span class='ocrx_word' id='word_1_78' title='bbox 243 1667 280 1728; x_wconf 91' lang='lat' dir='ltr'><strong>tu</strong></span> <span class='ocrx_word' id='word_1_79' title='bbox 303 1665 461 1730; x_wconf 85' lang='lat' dir='ltr'><strong>declamas</strong></span> <span class='ocrx_word' id='word_1_80' title='bbox 484 1663 620 1748; x_wconf 83' lang='lat' dir='ltr'><strong>Romae,</strong></span> <span class='ocrx_word' id='word_1_81' title='bbox 643 1666 815 1732; x_wconf 85' lang='lat' dir='ltr'><strong>Praeneste</strong></span> <span class='ocrx_word' id='word_1_82' title='bbox 838 1669 956 1754; x_wconf 81' lang='lat' dir='ltr'><strong>relegi3</strong></span> 
     </span>
     <span class='ocr_line' id='line_1_15' title="bbox 143 1753 1095 1842; baseline 0.004 -25"><span class='ocrx_word' id='word_1_83' title='bbox 143 1753 208 1837; x_wconf 91' lang='lat' dir='ltr'><strong>qui,</strong></span> <span class='ocrx_word' id='word_1_84' title='bbox 223 1754 301 1838; x_wconf 91' lang='lat' dir='ltr'><strong>quid</strong></span> <span class='ocrx_word' id='word_1_85' title='bbox 313 1755 356 1818; x_wconf 88' lang='lat' dir='ltr'><strong>sit</strong></span> <span class='ocrx_word' id='word_1_86' title='bbox 369 1755 527 1839; x_wconf 90' lang='lat' dir='ltr'><strong>pulcrum,</strong></span> <span class='ocrx_word' id='word_1_87' title='bbox 542 1755 620 1838; x_wconf 91' lang='lat' dir='ltr'><strong>quid</strong></span> <span class='ocrx_word' id='word_1_88' title='bbox 634 1758 738 1841; x_wconf 86' lang='lat' dir='ltr'><strong>turpe,</strong></span> <span class='ocrx_word' id='word_1_89' title='bbox 752 1756 931 1842; x_wconf 18' lang='lat' dir='ltr'><strong>quidrutile,</strong></span> <span class='ocrx_word' id='word_1_90' title='bbox 946 1757 1024 1841; x_wconf 91' lang='lat' dir='ltr'><strong>quid</strong></span> <span class='ocrx_word' id='word_1_91' title='bbox 1033 1779 1095 1841; x_wconf 88' lang='lat' dir='ltr'><strong>non,</strong></span> 
     </span>
     <span class='ocr_line' id='line_1_16' title="bbox 142 1843 1022 1938; baseline 0.005 -32"><span class='ocrx_word' id='word_1_92' title='bbox 142 1843 271 1927; x_wconf 90' lang='lat' dir='ltr'><strong>planius</strong></span> <span class='ocrx_word' id='word_1_93' title='bbox 295 1865 332 1908; x_wconf 87' lang='lat' dir='ltr'><strong>ac</strong></span> <span class='ocrx_word' id='word_1_94' title='bbox 354 1845 470 1908; x_wconf 92' lang='lat' dir='ltr'><strong>melius</strong></span> <span class='ocrx_word' id='word_1_95' title='bbox 494 1843 675 1938; x_wconf 79' lang='lat' dir='ltr'><strong>Chrysippo</strong></span> <span class='ocrx_word' id='word_1_96' title='bbox 700 1849 733 1910; x_wconf 90' lang='lat' dir='ltr'><strong>et</strong></span> <span class='ocrx_word' id='word_1_97' title='bbox 756 1844 912 1911; x_wconf 79' lang='lat' dir='ltr'><strong>Crantore</strong></span> <span class='ocrx_word' id='word_1_98' title='bbox 936 1847 1022 1912; x_wconf 89' lang='lat' dir='ltr'><strong>dicit.</strong></span> 
     </span>
     <span class='ocr_line' id='line_1_17' title="bbox 116 1933 1007 2018; baseline 0.006 -22"><span class='ocrx_word' id='word_1_99' title='bbox 116 1955 200 1998; x_wconf 71' lang='lat' dir='ltr'><strong>ocur</strong></span> <span class='ocrx_word' id='word_1_100' title='bbox 223 1933 269 1996; x_wconf 90' lang='lat' dir='ltr'><strong>ita</strong></span> <span class='ocrx_word' id='word_1_101' title='bbox 292 1934 495 2017; x_wconf 78' lang='lat' dir='ltr'><strong>crediderim,</strong></span> <span class='ocrx_word' id='word_1_102' title='bbox 517 1935 582 1999; x_wconf 88' lang='lat' dir='ltr'><strong>nisi</strong></span> <span class='ocrx_word' id='word_1_103' title='bbox 606 1934 683 2018; x_wconf 90' lang='lat' dir='ltr'><strong>qnid</strong></span> <span class='ocrx_word' id='word_1_104' title='bbox 706 1939 739 1999; x_wconf 91' lang='lat' dir='ltr'><strong>te</strong></span> <span class='ocrx_word' id='word_1_105' title='bbox 762 1935 898 2018; x_wconf 91' lang='lat' dir='ltr'><strong>detinet,</strong></span> <span class='ocrx_word' id='word_1_106' title='bbox 922 1937 1007 2001; x_wconf 88' lang='lat' dir='ltr'><strong>audi</strong></span> 
     </span>
     <span class='ocr_line' id='line_1_18' title="bbox 142 2020 1000 2108; baseline 0.005 -23"><span class='ocrx_word' id='word_1_107' title='bbox 142 2021 266 2106; x_wconf 85' lang='lat' dir='ltr'><strong>fabula,</strong></span> <span class='ocrx_word' id='word_1_108' title='bbox 292 2044 355 2106; x_wconf 90' lang='lat' dir='ltr'><strong>qua</strong></span> <span class='ocrx_word' id='word_1_109' title='bbox 378 2022 502 2088; x_wconf 90' lang='lat' dir='ltr'><strong>Paridis</strong></span> <span class='ocrx_word' id='word_1_110' title='bbox 525 2020 666 2108; x_wconf 82' lang='lat' dir='ltr'><strong>propter¹</strong></span> <span class='ocrx_word' id='word_1_111' title='bbox 683 2029 832 2089; x_wconf 86' lang='lat' dir='ltr'><strong>narratur</strong></span> <span class='ocrx_word' id='word_1_112' title='bbox 854 2045 1000 2091; x_wconf 90' lang='lat' dir='ltr'><strong>amorem</strong></span> 
     </span>
     <span class='ocr_line' id='line_1_19' title="bbox 143 2109 859 2197; baseline 0.006 -22"><span class='ocrx_word' id='word_1_113' title='bbox 143 2109 274 2176; x_wconf 81' lang='lat' dir='ltr'><strong>Graecia</strong></span> <span class='ocrx_word' id='word_1_114' title='bbox 298 2113 465 2178; x_wconf 89' lang='lat' dir='ltr'><strong>barbariae</strong></span> <span class='ocrx_word' id='word_1_115' title='bbox 488 2114 576 2177; x_wconf 88' lang='lat' dir='ltr'><strong>lento</strong></span> <span class='ocrx_word' id='word_1_116' title='bbox 601 2113 714 2178; x_wconf 86' lang='lat' dir='ltr'><strong>collisa</strong></span> <span class='ocrx_word' id='word_1_117' title='bbox 737 2113 859 2197; x_wconf 86' lang='lat' dir='ltr'><strong>duello,</strong></span> 
     </span>
     <span class='ocr_line' id='line_1_20' title="bbox 142 2201 1033 2287; baseline 0.004 -23"><span class='ocrx_word' id='word_1_118' title='bbox 142 2201 315 2265; x_wconf 88' lang='lat' dir='ltr'><strong>stultorum</strong></span> <span class='ocrx_word' id='word_1_119' title='bbox 339 2224 452 2287; x_wconf 85' lang='lat' dir='ltr'><strong>regum</strong></span> <span class='ocrx_word' id='word_1_120' title='bbox 476 2206 509 2266; x_wconf 93' lang='lat' dir='ltr'><strong>et</strong></span> <span class='ocrx_word' id='word_1_121' title='bbox 531 2204 725 2287; x_wconf 90' lang='lat' dir='ltr'><strong>populorum</strong></span> <span class='ocrx_word' id='word_1_122' title='bbox 749 2204 894 2268; x_wconf 90' lang='lat' dir='ltr'><strong>continet</strong></span> <span class='ocrx_word' id='word_1_123' title='bbox 916 2207 1033 2268; x_wconf 76' lang='lat' dir='ltr'><strong>aestus.</strong></span> 
     </span>
     <span class='ocr_line' id='line_1_21' title="bbox 142 2289 888 2375; baseline 0.004 -21"><span class='ocrx_word' id='word_1_124' title='bbox 142 2289 288 2355; x_wconf 85' lang='lat' dir='ltr'><strong>Antenor</strong></span> <span class='ocrx_word' id='word_1_125' title='bbox 312 2297 419 2355; x_wconf 88' lang='lat' dir='ltr'><strong>censet</strong></span> <span class='ocrx_word' id='word_1_126' title='bbox 442 2291 519 2356; x_wconf 92' lang='lat' dir='ltr'><strong>belli</strong></span> <span class='ocrx_word' id='word_1_127' title='bbox 542 2291 723 2375; x_wconf 87' lang='lat' dir='ltr'><strong>praecidere</strong></span> <span class='ocrx_word' id='word_1_128' title='bbox 746 2313 888 2357; x_wconf 75' lang='lat' dir='ltr'><strong>causamt</strong></span> 
     </span>
     <span class='ocr_line' id='line_1_22' title="bbox 102 2379 1008 2467; baseline 0.002 -23"><span class='ocrx_word' id='word_1_129' title='bbox 102 2404 128 2444; x_wconf 86' lang='lat' dir='ltr'><strong>ro</strong></span> <span class='ocrx_word' id='word_1_130' title='bbox 143 2380 219 2463; x_wconf 92' lang='lat' dir='ltr'><strong>quid</strong></span> <span class='ocrx_word' id='word_1_131' title='bbox 243 2379 357 2443; x_wconf 81' lang='lat' dir='ltr'><strong>Paris?</strong></span> <span class='ocrx_word' id='word_1_132' title='bbox 380 2385 418 2444; x_wconf 93' lang='lat' dir='ltr'><strong>ut</strong></span> <span class='ocrx_word' id='word_1_133' title='bbox 440 2382 545 2445; x_wconf 88' lang='lat' dir='ltr'><strong>salvos</strong></span> <span class='ocrx_word' id='word_1_134' title='bbox 568 2384 682 2466; x_wconf 84' lang='lat' dir='ltr'><strong>regnet</strong></span> <span class='ocrx_word' id='word_1_135' title='bbox 704 2381 855 2467; x_wconf 86' lang='lat' dir='ltr'><strong>vivatque</strong></span> <span class='ocrx_word' id='word_1_136' title='bbox 878 2382 1008 2467; x_wconf 84' lang='lat' dir='ltr'><strong>beatus,</strong></span> 
     </span>
     <span class='ocr_line' id='line_1_23' title="bbox 142 2469 920 2556; baseline 0.003 -23"><span class='ocrx_word' id='word_1_137' title='bbox 142 2469 215 2555; x_wconf 84' lang='lat' dir='ltr'><strong>cogi</strong></span> <span class='ocrx_word' id='word_1_138' title='bbox 238 2491 331 2553; x_wconf 90' lang='lat' dir='ltr'><strong>posse</strong></span> <span class='ocrx_word' id='word_1_139' title='bbox 354 2473 459 2556; x_wconf 83' lang='lat' dir='ltr'><strong>negat.</strong></span> <span class='ocrx_word' id='word_1_140' title='bbox 505 2469 626 2534; x_wconf 88' lang='lat' dir='ltr'><strong>Nestor</strong></span> <span class='ocrx_word' id='word_1_141' title='bbox 649 2491 830 2554; x_wconf 89' lang='lat' dir='ltr'><strong>conponere</strong></span> <span class='ocrx_word' id='word_1_142' title='bbox 852 2470 920 2535; x_wconf 88' lang='lat' dir='ltr'><strong>litis</strong></span> 
     </span>
     <span class='ocr_line' id='line_1_24' title="bbox 21 2558 866 2641; baseline 0.002 -20"><span class='ocrx_word' id='word_1_143' title='bbox 21 2633 26 2641; x_wconf 21' lang='grc' dir='ltr'><strong><em>ι</em></strong></span> <span class='ocrx_word' id='word_1_144' title='bbox 141 2559 225 2622; x_wconf 88' lang='lat' dir='ltr'><strong>inter</strong></span> <span class='ocrx_word' id='word_1_145' title='bbox 248 2558 381 2623; x_wconf 91' lang='lat' dir='ltr'><strong>Peliden</strong></span> <span class='ocrx_word' id='word_1_146' title='bbox 403 2560 536 2624; x_wconf 89' lang='lat' dir='ltr'><strong>festinat</strong></span> <span class='ocrx_word' id='word_1_147' title='bbox 559 2563 591 2623; x_wconf 92' lang='lat' dir='ltr'><strong>et</strong></span> <span class='ocrx_word' id='word_1_148' title='bbox 613 2560 699 2624; x_wconf 91' lang='lat' dir='ltr'><strong>inter</strong></span> <span class='ocrx_word' id='word_1_149' title='bbox 721 2559 866 2623; x_wconf 90' lang='lat' dir='ltr'><strong>Atriden.</strong></span> 
     </span>
     <span class='ocr_line' id='line_1_25' title="bbox 140 2647 1102 2735; baseline 0.006 -26"><span class='ocrx_word' id='word_1_150' title='bbox 140 2647 227 2712; x_wconf 87' lang='lat' dir='ltr'><strong>hunc</strong></span> <span class='ocrx_word' id='word_1_151' title='bbox 250 2670 349 2730; x_wconf 90' lang='lat' dir='ltr'><strong>amor,</strong></span> <span class='ocrx_word' id='word_1_152' title='bbox 372 2649 419 2712; x_wconf 90' lang='lat' dir='ltr'><strong>ira</strong></span> <span class='ocrx_word' id='word_1_153' title='bbox 442 2648 572 2732; x_wconf 91' lang='lat' dir='ltr'><strong>quidem</strong></span> <span class='ocrx_word' id='word_1_154' title='bbox 596 2649 810 2713; x_wconf 87' lang='lat' dir='ltr'><strong>communiter</strong></span> <span class='ocrx_word' id='word_1_155' title='bbox 833 2649 899 2713; x_wconf 90' lang='lat' dir='ltr'><strong>urit</strong></span> <span class='ocrx_word' id='word_1_156' title='bbox 921 2653 1102 2735; x_wconf 80' lang='lat' dir='ltr'><strong>utrumque</strong></span> 
     </span>
     <span class='ocr_line' id='line_1_26' title="bbox 141 2735 944 2824; baseline 0.004 -25"><span class='ocrx_word' id='word_1_157' title='bbox 141 2737 296 2820; x_wconf 90' lang='lat' dir='ltr'><strong>quidquid</strong></span> <span class='ocrx_word' id='word_1_158' title='bbox 322 2739 458 2801; x_wconf 89' lang='lat' dir='ltr'><strong>delirant</strong></span> <span class='ocrx_word' id='word_1_159' title='bbox 481 2760 585 2824; x_wconf 77' lang='lat' dir='ltr'><strong>regeS,</strong></span> <span class='ocrx_word' id='word_1_160' title='bbox 609 2736 794 2822; x_wconf 87' lang='lat' dir='ltr'><strong>plectuntur</strong></span> <span class='ocrx_word' id='word_1_161' title='bbox 816 2735 944 2803; x_wconf 82' lang='lat' dir='ltr'><strong>Achivi.</strong></span> 
     </span>
     <span class='ocr_line' id='line_1_27' title="bbox 101 2827 977 2911; baseline 0 -21"><span class='ocrx_word' id='word_1_162' title='bbox 101 2850 126 2890; x_wconf 87' lang='lat'><strong>15</strong></span> <span class='ocrx_word' id='word_1_163' title='bbox 141 2827 311 2911; x_wconf 91' lang='lat' dir='ltr'><strong>seditione,</strong></span> <span class='ocrx_word' id='word_1_164' title='bbox 334 2827 430 2911; x_wconf 92' lang='lat' dir='ltr'><strong>dolis,</strong></span> <span class='ocrx_word' id='word_1_165' title='bbox 454 2827 571 2891; x_wconf 90' lang='lat' dir='ltr'><strong>scelere</strong></span> <span class='ocrx_word' id='word_1_166' title='bbox 595 2831 691 2911; x_wconf 88' lang='lat' dir='ltr'><strong>atque</strong></span> <span class='ocrx_word' id='word_1_167' title='bbox 714 2827 848 2892; x_wconf 92' lang='lat' dir='ltr'><strong>libidine</strong></span> <span class='ocrx_word' id='word_1_168' title='bbox 872 2831 905 2892; x_wconf 88' lang='lat' dir='ltr'><strong>et</strong></span> <span class='ocrx_word' id='word_1_169' title='bbox 927 2827 977 2892; x_wconf 88' lang='lat' dir='ltr'><strong>ira</strong></span> 
     </span>
    </p>
   </div>
   <div class='ocr_carea' id='block_1_5' title="bbox 157 2985 494 3056">
    <p class='ocr_par' dir='ltr' id='par_1_12' title="bbox 157 2985 494 3056">
     <span class='ocr_line' id='line_1_28' title="bbox 157 2985 494 3056; baseline 0.003 -18"><span class='ocrx_word' id='word_1_170' title='bbox 157 2985 289 3054; x_wconf 52' lang='lat' dir='ltr'><strong>(nnn</strong></span> <span class='ocrx_word' id='word_1_171' title='bbox 358 2985 494 3056; x_wconf 67' lang='lat' dir='ltr'><strong>Qun&gt;</strong></span> 
     </span>
    </p>
   </div>
   <div class='ocr_carea' id='block_1_6' title="bbox 85 3128 1105 3699">
    <p class='ocr_par' dir='ltr' id='par_1_13' title="bbox 85 3128 1105 3412">
     <span class='ocr_line' id='line_1_29' title="bbox 158 3128 1104 3199; baseline 0.001 -17"><span class='ocrx_word' id='word_1_172' title='bbox 158 3128 227 3182; x_wconf 94' lang='grc'><strong>100.</strong></span> <span class='ocrx_word' id='word_1_173' title='bbox 244 3128 282 3181; x_wconf 84' lang='grc'><strong>00</strong></span> <span class='ocrx_word' id='word_1_174' title='bbox 301 3130 407 3182; x_wconf 68' lang='lat' dir='ltr'><strong>accerso</strong></span> <span class='ocrx_word' id='word_1_175' title='bbox 426 3128 522 3182; x_wconf 77' lang='lat' dir='ltr'><strong>ordine</strong></span> <span class='ocrx_word' id='word_1_176' title='bbox 537 3129 568 3180; x_wconf 86' lang='lat' dir='ltr'><strong>ob</strong></span> <span class='ocrx_word' id='word_1_177' title='bbox 582 3129 744 3182; x_wconf 76' lang='lat' dir='ltr'><strong>sententium</strong></span> <span class='ocrx_word' id='word_1_178' title='bbox 756 3128 858 3199; x_wconf 74' lang='lat' dir='ltr'><strong>clleyat</strong></span> <span class='ocrx_word' id='word_1_179' title='bbox 872 3129 952 3182; x_wconf 78' lang='lat' dir='ltr'><strong>Hier.</strong></span> <span class='ocrx_word' id='word_1_180' title='bbox 968 3129 1000 3183; x_wconf 74' lang='lat' dir='ltr'><strong>ia</strong></span> <span class='ocrx_word' id='word_1_181' title='bbox 1019 3130 1104 3185; x_wconf 74' lang='lat' dir='ltr'><strong>ccct3</strong></span> 
     </span>
     <span class='ocr_line' id='line_1_30' title="bbox 87 3198 1104 3269; baseline 0 -14"><span class='ocrx_word' id='word_1_182' title='bbox 87 3202 196 3269; x_wconf 79' lang='lat' dir='ltr'><strong>(Mc&#39;pae</strong></span> <span class='ocrx_word' id='word_1_183' title='bbox 219 3203 265 3267; x_wconf 82' lang='lat'><strong>23,</strong></span> <span class='ocrx_word' id='word_1_184' title='bbox 290 3203 372 3267; x_wconf 85' lang='lat'><strong><em>1036)</em></strong></span> <span class='ocrx_word' id='word_1_185' title='bbox 464 3198 519 3253; x_wconf 91' lang='grc'><strong>101</strong></span> <span class='ocrx_word' id='word_1_186' title='bbox 547 3201 631 3268; x_wconf 77' lang='lat' dir='ltr'><strong>putav</strong></span> <span class='ocrx_word' id='word_1_187' title='bbox 654 3200 733 3269; x_wconf 76' lang='lat' dir='ltr'><strong>Qtd</strong></span> <span class='ocrx_word' id='word_1_188' title='bbox 757 3200 868 3267; x_wconf 70' lang='lat' dir='ltr'><strong>Porpb,</strong></span> <span class='ocrx_word' id='word_1_189' title='bbox 895 3201 983 3268; x_wconf 91' lang='lat' dir='ltr'><strong>putat</strong></span> <span class='ocrx_word' id='word_1_190' title='bbox 1006 3202 1104 3258; x_wconf 68' lang='lat' dir='ltr'><strong>Rata</strong></span> 
     </span>
     <span class='ocr_line' id='line_1_31' title="bbox 87 3270 1105 3342; baseline 0.002 -17"><span class='ocrx_word' id='word_1_191' title='bbox 87 3271 144 3325; x_wconf 80' lang='grc'><strong>100</strong></span> <span class='ocrx_word' id='word_1_192' title='bbox 164 3289 224 3325; x_wconf 83' lang='lat' dir='ltr'><strong>cam</strong></span> <span class='ocrx_word' id='word_1_193' title='bbox 244 3273 365 3325; x_wconf 83' lang='lat' dir='ltr'><strong>lemmate</strong></span> <span class='ocrx_word' id='word_1_194' title='bbox 382 3273 494 3339; x_wconf 89' lang='lat' dir='ltr'><strong>pretore</strong></span> <span class='ocrx_word' id='word_1_195' title='bbox 514 3271 636 3340; x_wconf 77' lang='lat' dir='ltr'><strong>ecemplc</strong></span> <span class='ocrx_word' id='word_1_196' title='bbox 656 3271 741 3324; x_wconf 78' lang='lat' dir='ltr'><strong>Vatia.</strong></span> <span class='ocrx_word' id='word_1_197' title='bbox 757 3275 793 3325; x_wconf 77' lang='lat'><strong>70</strong></span> <span class='ocrx_word' id='word_1_198' title='bbox 870 3270 927 3325; x_wconf 84' lang='lat'><strong>108</strong></span> <span class='ocrx_word' id='word_1_199' title='bbox 947 3272 981 3326; x_wconf 83' lang='lat' dir='ltr'><strong>ob</strong></span> <span class='ocrx_word' id='word_1_200' title='bbox 1000 3273 1105 3342; x_wconf 78' lang='lat' dir='ltr'><strong>pituita</strong></span> 
     </span>
     <span class='ocr_line' id='line_1_32' title="bbox 85 3343 466 3412; baseline 0 -15"><span class='ocrx_word' id='word_1_201' title='bbox 85 3343 207 3412; x_wconf 71' lang='lat' dir='ltr'><strong>cntempla</strong></span> <span class='ocrx_word' id='word_1_202' title='bbox 227 3343 313 3397; x_wconf 77' lang='lat' dir='ltr'><strong>Vatia.</strong></span> <span class='ocrx_word' id='word_1_203' title='bbox 330 3347 391 3397; x_wconf 78' lang='lat'><strong><em>148.</em></strong></span> <span class='ocrx_word' id='word_1_204' title='bbox 410 3346 466 3397; x_wconf 78' lang='lat'><strong>224</strong></span> 
     </span>
    </p>

    <p class='ocr_par' dir='ltr' id='par_1_14' title="bbox 86 3412 1104 3699">
     <span class='ocr_line' id='line_1_33' title="bbox 157 3412 1104 3487; baseline 0 -18"><span class='ocrx_word' id='word_1_205' title='bbox 157 3413 187 3482; x_wconf 74' lang='lat'><strong>2,</strong></span> <span class='ocrx_word' id='word_1_206' title='bbox 202 3412 221 3466; x_wconf 83' lang='lat'>4</span> <span class='ocrx_word' id='word_1_207' title='bbox 240 3414 355 3467; x_wconf 89' lang='lat' dir='ltr'><strong>Planius</strong></span> <span class='ocrx_word' id='word_1_208' title='bbox 369 3415 405 3485; x_wconf 99' lang='lat' dir='ltr'>Q</span> <span class='ocrx_word' id='word_1_209' title='bbox 419 3415 498 3468; x_wconf 80' lang='lat' dir='ltr'><strong>schol.</strong></span> <span class='ocrx_word' id='word_1_210' title='bbox 515 3417 540 3466; x_wconf 94' lang='grc' dir='ltr'>Γ</span> <span class='ocrx_word' id='word_1_211' title='bbox 548 3414 575 3466; x_wconf 89' lang='lat' dir='ltr'><strong><em>V</em></strong></span> <span class='ocrx_word' id='word_1_212' title='bbox 588 3430 615 3482; x_wconf 84' lang='lat' dir='ltr'><strong>p.</strong></span> <span class='ocrx_word' id='word_1_213' title='bbox 629 3417 694 3480; x_wconf 79' lang='lat'><strong>216,</strong></span> <span class='ocrx_word' id='word_1_214' title='bbox 708 3416 746 3467; x_wconf 81' lang='lat'><strong>23</strong></span> <span class='ocrx_word' id='word_1_215' title='bbox 760 3413 915 3482; x_wconf 79' lang='lat' dir='ltr'><strong>(apertius),</strong></span> <span class='ocrx_word' id='word_1_216' title='bbox 940 3413 1058 3469; x_wconf 87' lang='lat' dir='ltr'><strong>Plenius</strong></span> <span class='ocrx_word' id='word_1_217' title='bbox 1070 3415 1104 3487; x_wconf 94' lang='lat' dir='ltr'><strong>Q</strong></span> 
     </span>
     <span class='ocr_line' id='line_1_34' title="bbox 86 3484 1104 3557; baseline 0.002 -19"><span class='ocrx_word' id='word_1_218' title='bbox 86 3485 232 3538; x_wconf 72' lang='lat' dir='ltr'><strong>idetinet</strong></span> <span class='ocrx_word' id='word_1_219' title='bbox 253 3487 331 3540; x_wconf 77' lang='lat' dir='ltr'><strong>Goth.</strong></span> <span class='ocrx_word' id='word_1_220' title='bbox 348 3504 371 3549; x_wconf 88' lang='grc' dir='ltr'><strong>ς,</strong></span> <span class='ocrx_word' id='word_1_221' title='bbox 401 3485 524 3539; x_wconf 86' lang='lat' dir='ltr'><strong>destinet</strong></span> <span class='ocrx_word' id='word_1_222' title='bbox 541 3485 578 3554; x_wconf 94' lang='lat' dir='ltr'>Q</span> <span class='ocrx_word' id='word_1_223' title='bbox 595 3485 645 3557; x_wconf 91' lang='lat' dir='ltr'><strong>Q,</strong></span> <span class='ocrx_word' id='word_1_224' title='bbox 674 3484 792 3539; x_wconf 87' lang='lat' dir='ltr'><strong>distinet</strong></span> <span class='ocrx_word' id='word_1_225' title='bbox 815 3485 951 3551; x_wconf 84' lang='lat' dir='ltr'><strong>(distenet</strong></span> <span class='ocrx_word' id='word_1_226' title='bbox 973 3487 1018 3554; x_wconf 81' lang='lat' dir='ltr'><strong>F)</strong></span> <span class='ocrx_word' id='word_1_227' title='bbox 1038 3488 1104 3542; x_wconf 75' lang='lat' dir='ltr'><strong>Fre</strong></span> 
     </span>
     <span class='ocr_line' id='line_1_35' title="bbox 86 3554 1104 3628; baseline 0.003 -19"><span class='ocrx_word' id='word_1_228' title='bbox 86 3556 104 3609; x_wconf 81' lang='lat'>8</span> <span class='ocrx_word' id='word_1_229' title='bbox 124 3556 218 3610; x_wconf 88' lang='lat' dir='ltr'><strong>aestus</strong></span> <span class='ocrx_word' id='word_1_230' title='bbox 232 3558 300 3627; x_wconf 78' lang='lat' dir='ltr'><strong>Qt,</strong></span> <span class='ocrx_word' id='word_1_231' title='bbox 320 3558 429 3610; x_wconf 90' lang='lat' dir='ltr'><strong>aestum</strong></span> <span class='ocrx_word' id='word_1_232' title='bbox 443 3556 481 3627; x_wconf 95' lang='lat' dir='ltr'><strong>Q</strong></span> <span class='ocrx_word' id='word_1_233' title='bbox 495 3557 601 3610; x_wconf 81' lang='lat' dir='ltr'><strong>Bload.</strong></span> <span class='ocrx_word' id='word_1_234' title='bbox 664 3555 702 3609; x_wconf 91' lang='grc'><strong>10</strong></span> <span class='ocrx_word' id='word_1_235' title='bbox 722 3554 796 3620; x_wconf 82' lang='lat' dir='ltr'><strong>Quid</strong></span> <span class='ocrx_word' id='word_1_236' title='bbox 809 3557 846 3626; x_wconf 93' lang='lat' dir='ltr'>Q</span> <span class='ocrx_word' id='word_1_237' title='bbox 857 3555 904 3628; x_wconf 89' lang='lat' dir='ltr'><strong>Q,</strong></span> <span class='ocrx_word' id='word_1_238' title='bbox 924 3555 1008 3621; x_wconf 78' lang='lat' dir='ltr'><strong>Quod</strong></span> <span class='ocrx_word' id='word_1_239' title='bbox 1023 3558 1104 3612; x_wconf 67' lang='lat' dir='ltr'><strong>nelo</strong></span> 
     </span>
     <span class='ocr_line' id='line_1_36' title="bbox 87 3626 492 3699; baseline -0.002 -18"><span class='ocrx_word' id='word_1_240' title='bbox 87 3626 123 3681; x_wconf 79' lang='lat'><strong>13</strong></span> <span class='ocrx_word' id='word_1_241' title='bbox 143 3626 224 3679; x_wconf 93' lang='lat' dir='ltr'><strong>Hunc</strong></span> <span class='ocrx_word' id='word_1_242' title='bbox 242 3630 279 3698; x_wconf 94' lang='lat' dir='ltr'>Q</span> <span class='ocrx_word' id='word_1_243' title='bbox 296 3627 345 3699; x_wconf 89' lang='lat' dir='ltr'><strong>Q,</strong></span> <span class='ocrx_word' id='word_1_244' title='bbox 365 3627 448 3680; x_wconf 87' lang='lat' dir='ltr'><strong>Nunc</strong></span> <span class='ocrx_word' id='word_1_245' title='bbox 469 3631 492 3680; x_wconf 87' lang='grc' dir='ltr'><strong><em>Φ</em></strong></span> 
     </span>
    </p>
   </div>
   <div class='ocr_carea' id='block_1_7' title="bbox 0 0 1207 3968">
    <p class='ocr_par' dir='ltr' id='par_1_15' title="bbox 0 0 1207 3968">
     <span class='ocr_line' id='line_1_37' title="bbox 0 0 1207 3968; baseline 0 0"><span class='ocrx_word' id='word_1_246' title='bbox 0 0 1207 3968; x_wconf 95' lang='lat' dir='ltr'><strong> </strong></span> 
     </span>
    </p>
   </div>
  </div>
 </body>
</html>
