2400 3968
93 195 159 258 288
505 195 616 250 amsi.
634 196 648 250 1
666 201 707 250 ao.

147 344 365 405 contrectatus
388 341 445 404 ubi
468 340 617 405 manibus
641 340 825 405 sordescere
848 338 938 424 volgi

147 431 300 513 coeperis,
323 434 380 494 aut
402 431 506 494 tineas
530 452 641 514 pasces
664 429 848 494 taciturnus
873 427 986 492 inertis

147 522 203 581 aut
226 518 332 604 fugies
355 518 484 584 Vticam
507 524 563 584 aut
586 520 714 586 vinctus
738 518 879 582 mitteris
903 515 1043 581 Ilerdam.

146 606 264 672 ridebit
288 608 430 673 monitor
452 631 520 673 non
543 608 726 690 exauditae,
749 607 880 689 utillo,

107 721 132 761 15
147 698 203 780 qni
225 697 309 763 male
332 701 498 781 parentem
522 698 557 761 in
581 697 671 780 rupis
694 696 855 780 protrusit
878 695 1014 759 asellum

146 785 261 851 iratus:
286 788 359 870 quis
382 787 468 851 enim
492 787 632 851 inritum
656 807 783 849 servare
806 785 957 850 laboret?

145 875 209 940 hoc
232 897 361 959 quoque
381 880 414 939 te
432 880 550 960 manet,
573 880 611 939 ut
629 896 747 959 pueros
766 875 928 939 elementa
948 873 1093 938 docentem

147 969 283 1048 occupet
306 966 457 1029 extremis
481 965 516 1028 in
538 965 619 1029 vicis
642 964 738 1029 balba
761 968 920 1028 senectus.

148 1075 221 1117 oum
244 1053 306 1116 tibi
330 1056 379 1117 sol
402 1053 531 1137 tepidus
554 1052 658 1138 pluris
682 1053 862 1117 admoverit
885 1052 988 1135 auus,

106 1167 132 1208 so
146 1164 198 1207 me
221 1142 374 1206 libertino
398 1152 510 1207 natum
534 1147 626 1227 patre
649 1146 682 1207 et
705 1143 739 1205 in
762 1142 853 1205 tenui
875 1164 912 1206 re

146 1232 283 1296 maiores
306 1253 428 1315 pennas
451 1231 528 1296 nido
552 1231 732 1296 extendisse
755 1231 913 1314 loqueriS,

146 1324 191 1404 ut,
215 1325 372 1404 quantum
396 1322 507 1408 generi
530 1321 648 1405 demas,
670 1319 846 1384 virtutibus
871 1319 985 1402 addas3

146 1432 197 1473 me
221 1410 334 1493 primis
359 1408 458 1473 Vrbis
482 1410 559 1474 belli
581 1410 742 1494 placuisse
765 1408 932 1492 domique,

147 1501 291 1583 corporis
315 1500 438 1583 exigui,
460 1520 667 1583 praeconum,
690 1498 813 1562 solibus
837 1501 965 1581 aptum,

106 1613 131 1653 ss
145 1587 242 1652 irasci
265 1589 410 1672 celerem,
433 1592 543 1653 tamen
565 1593 603 1652 ut
625 1587 793 1671 placabilis
817 1608 931 1652 essem.

146 1677 231 1740 forte
255 1699 363 1741 meum
388 1678 490 1761 siquis
513 1682 546 1742 te
568 1677 811 1761 percontabitur
833 1698 962 1740 aevom:

146 1789 198 1831 me
222 1771 336 1850 quater
358 1766 503 1831 undenos
527 1768 607 1831 sciat
629 1766 803 1850 inplevisse
826 1764 1021 1848 decembris

145 1855 303 1940 collegam
326 1855 484 1939 Lepidum
508 1878 571 1939 quo
596 1856 688 1920 duxit
710 1854 835 1920 Lollius
858 1876 953 1920 anno.

162 2014 295 2083 &Aa
365 2013 502 2085 onzes

164 2155 200 2209 15
229 2156 366 2224 protrusit
387 2157 424 2226 Θ
441 2156 480 2227 (ᾧ
503 2157 642 2224 (Biana),
671 2157 814 2225 protrudit
837 2158 885 2218 Ες
969 2155 1008 2209 18
1028 2154 1104 2209 balbe

91 2227 127 2296 Θ
149 2226 187 2298 ῥῇ
210 2229 321 2296 Porpb„
350 2227 426 2281 bella
453 2229 502 2289 Ες
611 2228 647 2281 19
672 2229 705 2282 ob
727 2245 782 2283 ccc.
801 2227 891 2297 pluris
915 2228 1006 2282 Prisc.
1027 2232 1054 2294 7,
1074 2230 1105 2280 86

86 2315 117 2367 p.
132 2301 200 2364 361,
218 2302 256 2352 24
336 2315 417 2352 sures
435 2300 472 2369 Q)
489 2298 527 2370 Θ
544 2300 646 2368 Porpb.
667 2301 764 2369 (Prisc.
779 2299 836 2353 cod.
852 2300 903 2368 R),
929 2302 1045 2368 auras(
1097 2327 1104 2336 ·

87 2370 185 2437 piures
207 2371 284 2423 codd.
305 2371 409 2437 Prisc,
438 2386 525 2423 annos
545 2391 558 2432 ς
651 2369 688 2424 21
712 2371 832 2424 maiores
850 2389 878 2440 p.
897 2369 981 2423 nidos
1003 2371 1063 2439 (sic)
1080 2370 1106 2424 ob

91 2457 147 2493 cera
161 2442 263 2510 Porpb.
279 2444 356 2510 epist,
371 2446 399 2508 2,
413 2447 440 2508 2,
459 2447 495 2496 50
568 2440 603 2495 27
624 2443 657 2496 ob
676 2459 731 2496 acc.
751 2441 906 2496 decembris
921 2443 1014 2497 Prisc.
1032 2447 1058 2508 7,
1076 2445 1106 2495 85

86 2529 117 2580 p.
133 2514 197 2578 359,
211 2516 249 2566 25
313 2512 350 2567 28
370 2513 452 2566 duxit
469 2514 506 2583 Q)
518 2513 556 2585 Θ
570 2514 681 2582 Porpb„
701 2513 774 2566 dixit
787 2515 833 2568 Ps.
849 2514 953 2581 Porpb.
969 2530 1001 2582 p.
1017 2517 1107 2581 367‚7
