2400 3968
444 210 550 266 SERM.
568 211 582 265 1
601 217 625 266 8.
646 216 669 265 9.
1002 211 1065 276 201

86 359 186 423 entier
210 363 243 422 at
267 359 384 443 siquid,
406 357 525 421 merdis
549 361 646 441 caput
669 357 818 440 inquiner
841 357 924 422 albis

87 470 218 512 riorum
237 452 335 532 atque
354 447 387 510 in
406 469 458 510 me
476 447 585 511 veniat
603 446 738 510 mictum
757 456 854 530 atque
869 450 1014 511 cacatum

88 539 149 602 lius
174 542 206 601 et
228 537 355 622 fragilis
378 535 525 600 Pediatia
547 535 663 620 furque
688 535 844 600 Voranus.

89 627 179 780 {tl
200 627 277 780 {ll
300 624 1015 779 llllllntltttti{titillant
1028 651 1056 691 ⁴⁰

90 827 147 889 pue
169 805 239 889 lupi
262 737 397 869 barbim
420 803 526 868 variae
550 825 621 867 cum
647 803 741 867 dente
765 803 914 868 colubrae

91 893 228 958 diderint
250 893 364 958 furtim
386 893 482 958 terris
506 897 538 956 et
561 893 701 979 imagine
726 915 816 957 cerea

91 984 168 1068 ¹gior
191 984 305 1047 arserit
329 983 413 1068 ignis
437 986 469 1046 et
491 986 529 1046 ut
551 1004 617 1046 non
640 982 733 1046 testis
757 981 880 1045 inultus

92 1072 227 1136 rruerim
251 1093 345 1137 voces
368 1071 539 1136 Furiarum
563 1075 595 1135 et
618 1071 703 1135 facta
727 1071 870 1135 duarum.
1028 1097 1054 1136 a

92 1185 130 1245 nr,
155 1161 298 1246 displosa
321 1164 416 1225 sonat
439 1164 596 1245 quantum
620 1160 734 1245 vesica,
757 1161 872 1244 pepedi

92 1253 171 1315 lissa
193 1261 268 1315 nate
291 1251 384 1335 ficus3
409 1255 442 1314 at
465 1249 547 1336 illae
563 1272 690 1315 currere
714 1249 747 1313 in
772 1248 901 1314 Vrbem.

93 1340 197 1405 nidiac
221 1340 334 1424 dantia,
358 1341 459 1404 altum
485 1338 628 1425 Saganae
652 1338 850 1403 caliendrum

93 1430 191 1495 ridere
215 1433 312 1514 atquc
335 1429 452 1493 herbas
475 1433 572 1511 atque
595 1429 760 1493 incantata
782 1427 911 1492 lacertis

93 1519 176 1585 [cula
199 1541 272 1583 cum
296 1541 413 1605 magno
437 1519 569 1601 risuque
593 1518 728 1601 iocoque
751 1517 885 1583 videres.
1029 1542 1055 1583 so

477 1699 638 1706 ——--—--

503 1818 609 1885 VIIII.

95 1951 135 1992 nn
160 1928 244 1993 forte
267 1929 321 1992 via
344 1949 443 2011 saera,
467 1927 552 1992 sicut
574 1949 664 1992 meus
688 1931 738 1992 est
761 1950 841 2012 mos,

96 2018 154 2082 icio
179 2017 255 2101 quid
279 2017 438 2080 meditans
461 2038 630 2102 nugarum,
654 2020 742 2081 totus
766 2017 800 2080 in
824 2017 903 2081 illis:

96 2107 185 2171 :urrit
209 2106 339 2190 quidam
362 2110 459 2171 notus
483 2104 564 2169 mihi
587 2105 717 2169 nomine
741 2109 868 2170 tantum

98 2199 236 2281 eptanue
259 2218 358 2259 manu
382 2195 471 2278 ‘quid
496 2195 575 2280 agis,
599 2194 783 2259 dulcissime
806 2195 946 2259 rerum?'

97 2287 207 2369 ariter,
216 2285 422 2368 utnuncest,’
433 2286 573 2368 inquam,
583 2285 627 2346 ‘et
635 2284 729 2369 cupio
739 2283 847 2348 omnia
855 2307 935 2367 quac
943 2284 1013 2348 vis'
1042 2309 1053 2349 a

98 2398 118 2438 n
143 2373 369 2456 adsectarctur‚
393 2373 562 2457 ‘numquid
585 2373 667 2437 vis?
694 2395 824 2458 occupo.
871 2372 982 2437 atille

100 2463 146 2528 ris
169 2465 241 2527 noa'
265 2463 386 2547 inquit3
410 2463 509 2527 ‘docti
533 2462 663 2527 sumus?
710 2461 764 2525 hic
787 2484 847 2548 ego
872 2461 986 2547 ‘pluris

99 2554 118 2618 ι’
143 2554 274 2636 inquam
299 2551 392 2615 ‘mihi
415 2551 496 2615 eris?
539 2551 656 2615 misere
680 2551 838 2616 discedere
858 2573 1013 2634 quaerens

114 2643 211 2706 modo
236 2642 335 2724 ocius,
358 2640 520 2704 interdum
545 2640 727 2723 consistere,
751 2641 785 2704 in
808 2663 917 2704 aurem

100 2753 150 2795 are
173 2730 280 2796 nescio
306 2730 383 2814 quid
406 2751 516 2814 puer0,
540 2751 613 2793 cum
637 2730 736 2794 sudor
759 2731 799 2793 ad
822 2732 905 2794 imos
1029 2756 1054 2796 ιο

116 2889 285 2960 &ann
354 2887 491 2959 (aare

116 3031 166 3086 37.
193 3031 230 3085 38
254 3032 287 3085 ob
311 3029 429 3083 mictum
447 3031 536 3084 Prisc.
556 3035 601 3097 10,
621 3035 636 3083 1
658 3034 767 3098 12495,
787 3035 822 3084 10
913 3029 950 3084 38
968 3031 1068 3084 ueniat

101 3103 148 3175 Q,
176 3102 295 3156 ueniant
314 3103 462 3170 (Priscis
535 3101 573 3156 39
598 3103 630 3156 ob
654 3102 699 3154 fur
718 3103 805 3156 Prisc.
827 3106 852 3168 5,
871 3106 952 3171 2010.
968 3105 1067 3168 155,5

102 3193 131 3228 us
151 3175 187 3244 Q
199 3174 237 3246 Q
252 3174 375 3242 (Prisc),
393 3173 475 3226 Vlius
496 3174 686 3238 Wilamcwita,
706 3172 809 3226 Villius
824 3176 910 3228 Hertz
966 3171 1003 3227 41
1024 3190 1066 3226 re-

102 3246 172 3299 arint
192 3262 221 3311 ς,
249 3247 412 3299 resonarent
435 3246 471 3315 Q
488 3245 526 3317 Q
617 3242 655 3298 46
678 3246 711 3299 ob
734 3245 838 3312 pepedi
858 3246 945 3299 Prisc.
965 3251 1010 3311 10,
1028 3249 1066 3299 23

104 3322 149 3383 15,
168 3320 186 3369 7
204 3317 323 3388 Eutych.
343 3334 455 3386 pramm.
478 3318 504 3369 V
519 3321 580 3381 471,
600 3320 635 3370 14
708 3314 745 3369 48
770 3315 943 3369 caliendrum
965 3317 1002 3386 Q
1020 3316 1066 3388 Q,

101 3388 221 3442 andrum
242 3392 265 3442 Φ
284 3395 309 3442 ct
327 3389 403 3442 codd.
425 3389 549 3456 ‘Pcrphss

115 3460 146 3530 9,
167 3459 183 3512 1
208 3491 237 3498 -
257 3476 397 3528 nugarum
416 3460 448 3512 ob
467 3477 605 3528 nugarum
623 3459 704 3513 achel.
725 3459 821 3512 Veron.
843 3459 919 3528 Verp.
936 3460 993 3513 buc.
1009 3463 1065 3524 6,1

102 3531 213 3586 ‚ccurrit
230 3531 267 3602 Q
279 3531 318 3603 Q
336 3531 472 3600 (Bianti),
493 3529 621 3584 Occurrit
641 3547 657 3589 ς
726 3529 764 3583 10
784 3530 870 3583 sudor
888 3561 923 3570 —
942 3529 1014 3583 talos
1034 3530 1066 3585 ob

116 3604 199 3659 schol.
217 3604 280 3657 Iac.
300 3607 343 3669 10,
363 3607 419 3657 178
