2386 3974
503 193 614 249 EPIST.
632 194 646 249 1
666 201 689 250 1.

87 347 121 406 et
144 340 225 407 mihi
247 363 307 424 res,
329 363 397 406 non
419 364 470 406 me
493 341 589 405 rebus
613 339 806 426 subiungere
829 362 936 406 conor.

86 436 125 497 ut
147 452 212 496 nox
235 430 333 517 longa
357 430 473 515 quibus
497 429 653 494 mentitur
675 430 778 495 amica
801 430 931 514 diesque
1068 461 1094 501 »ο

85 522 186 607 longa
208 520 336 584 videtur
359 542 440 604 opus
464 519 663 603 debentibus,
686 522 724 582 ut
745 518 839 606 piger
861 541 963 584 annus

85 609 227 694 pupillis,
251 631 332 694 quos
356 609 436 673 dura
458 608 576 693 premit
598 608 745 674 custodia
767 612 921 673 matrum:

86 699 133 764 sic
156 699 237 763 mihi
256 698 346 763 tarda
365 699 469 763 fluont
487 697 677 785 ingrataque
695 702 843 782 tempora
862 720 944 781 quae
962 720 1052 782 spem

86 789 324 872 consiliumque
347 790 515 853 morantur
538 788 654 872 agendi
676 787 801 851 naviter
822 787 857 852 id
879 787 966 871 quod

85 899 187 963 aeque
210 876 416 962 pauperibus,
439 877 570 960 prodest
592 875 807 960 locupletibus
831 884 941 960 aeque,
1067 906 1092 947 a

85 988 187 1052 aeque
209 968 392 1052 neglectum
415 967 524 1050 pueris
548 965 743 1049 senibusque
764 965 904 1032 nocebit.

85 1059 187 1120 restat
209 1059 246 1120 ut
269 1055 320 1120 his
344 1076 404 1140 ego
423 1078 474 1120 me
493 1056 564 1139 ipse
582 1077 691 1140 regam
712 1054 858 1139 solerque
877 1055 1051 1122 elementis.

85 1168 153 1210 non
174 1145 281 1230 possis
304 1145 397 1211 oculo
421 1148 579 1229 quantum
601 1143 794 1210 contendere
817 1144 978 1229 Lynceus:

85 1257 152 1300 non
175 1238 284 1298 tamen
306 1233 425 1298 idcirco
449 1238 635 1299 contemnas
657 1233 766 1317 lippus
789 1233 938 1321 inungui3

85 1345 158 1408 nec,
181 1324 257 1407 quia
280 1323 428 1408 desperes
451 1323 565 1388 invicti
588 1322 733 1387 membra
756 1321 922 1408 Glyconis,
1066 1352 1093 1392 ao

85 1413 208 1478 nodosa
231 1435 348 1496 corpus
371 1411 456 1478 nolis
478 1412 649 1497 prohibere
673 1411 833 1498 cheragra.

87 1506 137 1567 est
160 1503 297 1587 quadam
321 1502 449 1586 prodire
472 1507 579 1585 tenus,
604 1503 632 1565 si
655 1523 721 1566 non
745 1502 839 1565 datur
861 1503 955 1567 ultra.

85 1593 189 1656 fervet
212 1591 347 1656 avaritia
369 1591 551 1675 miseroque
574 1591 722 1674 cupidine
746 1595 871 1675 pectus:

86 1685 163 1746 sunt
184 1681 282 1745 verba
305 1685 337 1744 et
359 1702 467 1765 voces,
491 1680 608 1764 quibus
630 1680 717 1744 hunc
740 1681 840 1756 lenire
863 1681 1006 1747 dolorem

85 1770 191 1856 possis
215 1774 247 1834 et
270 1792 419 1856 magnam
443 1770 549 1835 morbi
573 1769 729 1853 deponere
752 1773 886 1854 partem.
1065 1798 1091 1839 es

84 1859 190 1924 laudis
214 1882 321 1925 amore
344 1863 463 1924 tumes:
487 1862 562 1923 sunt
585 1863 671 1924 certa
694 1859 834 1944 piacula,
858 1882 940 1944 quae
963 1864 995 1925 te

85 1953 136 2014 ter
158 1972 236 2033 pure
260 1948 343 2014 lecto
367 1952 520 2033 poterunt
542 1971 685 2014 recreare
707 1948 827 2013 libelle.

85 2039 228 2122 invidus,
251 2038 437 2123 iracundus,
460 2039 559 2123 iners,
582 2038 726 2120 vinosuS,
750 2041 874 2102 amator
896 2075 940 2084 -—

84 2150 180 2193 nemo
205 2127 283 2192 adeo
306 2127 394 2192 ferus
417 2131 478 2212 est,
502 2131 627 2192 utnon
650 2127 818 2192 mitescere
841 2127 956 2211 possit,

86 2219 113 2282 si
137 2218 232 2282 modo
256 2216 400 2281 culturae
423 2217 599 2301 patientem
623 2216 805 2281 commodet
827 2238 945 2281 aurem.
1063 2245 1091 2285 eo

85 2308 189 2371 virtus
213 2311 261 2372 est
283 2306 399 2370 vitium
422 2307 534 2392 fugere
557 2310 589 2370 et
612 2306 770 2389 sapientia
792 2307 896 2390 prima

85 2396 226 2461 stultitia
249 2396 396 2461 caruisse.
442 2396 545 2479 viden,
569 2417 649 2479 quae
673 2395 813 2460 maxima
837 2396 938 2460 credis

85 2508 154 2550 esse
177 2484 275 2570 mala,
299 2484 447 2569 exiguom
474 2507 605 2551 censum
628 2489 820 2569 turpemque
842 2483 1017 2569 repulsam,

157 2697 290 2768 &Aa
358 2696 496 2768 oman

158 2874 196 2929 10
219 2874 256 2928 Et
277 2877 314 2947 (D
331 2875 382 2948 pp,
410 2877 452 2930 Ac
475 2877 586 2946 (Porph.
607 2876 645 2930 ad
668 2876 745 2944 epist.
765 2881 790 2942 1,
810 2880 853 2942 10,
872 2878 918 2946 40)
1014 2876 1052 2932 25
1072 2878 1104 2932 ob

84 2945 275 3015 locupletibus
299 2948 421 3016 excerpto
445 2948 530 3003 Vatic.
550 2951 605 3002 221
624 2949 689 3018 (pro
710 2947 827 3015 prodest
849 2949 949 3002 habeat
970 2948 1104 3017 prudens)

85 3018 124 3074 28
139 3017 220 3072 oculo
233 3019 316 3091 ΘΘ
326 3019 461 3090 (mand),
480 3018 575 3073 oculos
590 3038 607 3079 ς
665 3017 704 3072 30
719 3017 851 3086 Glyconis
865 3019 959 3090 Θρᾒ
975 3018 1103 3088 Glyco...

85 3089 137 3144 alii
157 3090 294 3144 ‘Milonis’
316 3091 416 3159 legunt
433 3093 513 3147 schol.
528 3095 555 3145 Γ
562 3091 589 3143 V
640 3125 642 3128 -
678 3089 714 3144 31
735 3090 871 3159 cheragra
889 3090 1007 3162 Θζιῇπ,
1031 3091 1104 3144 ehir-

84 3163 127 3217 oet
144 3162 224 3230 chyr-
244 3165 267 3216 Φ
340 3161 377 3216 32
397 3163 521 3231 quadam
538 3163 612 3233 <DF
628 3162 733 3217 Blaad.
754 3163 854 3232 Porpb.
874 3164 902 3229 (i.
922 3163 1002 3216 schol.
1022 3162 1103 3232 PV),

85 3233 207 3303 quodam
233 3235 289 3289 Rc
380 3233 418 3288 33
445 3234 534 3288 Ardet
562 3236 621 3303 (boc
647 3236 680 3289 ob
703 3234 882 3302 amoaicbon)
910 3250 934 3287 a.
964 3248 1103 3301 caecaque

84 3306 104 3359 i.
118 3322 146 3374 p.
168 3306 326 3361 Columbae.
345 3307 421 3376 epist.
438 3313 462 3373 1,
483 3310 500 3359 7
577 3305 625 3360 36.
646 3305 682 3358 07
703 3307 735 3360 ob
754 3305 915 3360 sententiam
934 3306 1016 3371 affert
1028 3305 1102 3375 Aop.

84 3378 135 3433 cio.
155 3377 200 3432 dei
217 3381 244 3443 5,
258 3382 293 3431 13
312 3380 387 3448 epist.
402 3381 466 3444 231,
481 3382 499 3432 3
515 3379 624 3448 (Mipae
638 3381 683 3440 33,
699 3381 780 3447 1024)
835 3374 872 3429 41
893 3377 925 3431 ob
941 3376 1104 3431 sententiam

84 3450 167 3516 affert
184 3454 209 3503 et
227 3449 345 3518 replicat
360 3451 437 3505 Lact.
448 3451 512 3505 inst.
524 3455 550 3516 0,
561 3453 633 3515 5,12
669 3447 766 3501 Virtus
782 3447 927 3517 —fugere
946 3448 978 3503 ob
997 3448 1103 3502 rebem

131 3521 181 3575 int.
201 3521 264 3576 inst.
280 3525 346 3588 9,3‚
362 3526 397 3575 10
487 3518 525 3575 43
548 3520 691 3590 repulsam
708 3521 744 3590 (D
762 3519 800 3592 (n)
821 3520 901 3574 schol.
920 3522 954 3586 Γ,
977 3518 1102 3574 laborem

119 3594 163 3646 da
181 3609 214 3647 ee
231 3595 267 3645 44
