2400 3968
377 193 486 249 CARM.
501 193 552 247 1111
570 199 595 248 4.
616 200 639 248 ὁ.

107 338 304 425 Karthagini
327 339 391 403 iam
414 361 479 404 non
504 360 564 424 ego
587 338 719 404 nuntios

108 429 237 493 mittam
262 427 430 512 superbos:
454 428 586 510 oceidit,
609 428 727 492 oooidit

153 539 226 602 spes
250 517 353 582 omnis
378 521 410 581 et
431 518 563 582 fortuna
584 517 688 583 nostri

197 607 339 673 nominis
362 605 565 672 Hasdrubale
588 607 791 691 interempto.

107 768 156 832 nil
179 765 331 832 Claudiae
353 789 420 832 non
442 766 609 851 perficient
632 788 760 850 manus,

109 878 188 941 quae
213 860 246 920 et
268 855 409 941 benigno
432 856 564 921 numine
587 853 735 939 Iuppiter

153 945 298 1010 defendit
321 949 354 1009 et
377 967 471 1010 ourae
495 966 625 1030 sagaces

198 1034 373 1118 expediunt
394 1056 452 1118 per
475 1037 569 1099 aauta
591 1033 690 1101 belli'.

488 1371 526 1436 V.

107 1497 201 1561 Divis
225 1500 296 1561 orte
318 1494 425 1579 bonis,
449 1499 581 1580 optume
604 1494 762 1560 Romulae

108 1589 217 1652 eustos
242 1585 361 1671 gentis,
386 1584 460 1650 abes
484 1585 549 1650 iam
572 1585 709 1648 nimium
733 1585 802 1670 diu3

76 1677 84 1688 '
107 1679 271 1740 maturum
293 1674 433 1740 reditum
456 1672 620 1758 pollicitus
643 1677 772 1757 patum

153 1768 264 1829 sanato
288 1763 423 1830 oonoilio
448 1763 524 1826 redi.

107 1924 214 1988 luoem
235 1925 333 1988 redde
356 1928 444 2008 tuae,
467 1924 532 1988 dux
554 1923 652 2007 bone,
674 1923 810 2007 patiiae:

107 2014 212 2077 instar
234 2014 318 2078 veris
342 2014 428 2078 enim
452 2012 559 2078 voltus
582 2011 639 2076 ubi
663 2017 737 2077 tuos

107 2101 242 2167 adfiflsit
264 2102 400 2186 populo,
423 2101 551 2188 gratior,
569 2102 596 2165 it
619 2101 686 2165 dies

153 2195 186 2255 et
209 2191 292 2256 soles
316 2190 432 2255 melius
454 2191 568 2255 nitent.
759 2203 762 2207 ’

106 2354 145 2414 ut
167 2354 270 2416 mater
294 2351 455 2434 iuvenem,
478 2373 574 2436 quem
596 2350 704 2417 Notus
727 2350 837 2417 invido

106 2439 188 2504 flatu
212 2438 378 2524 Carpathii
402 2445 491 2505 trans
514 2441 612 2505 maris
636 2463 776 2526 aequora

109 2533 314 2594 annotantem
337 2530 442 2613 spatio
465 2529 595 2616 longius
619 2552 725 2596 annuo

153 2617 239 2682 dulei
263 2618 398 2683 distinet
420 2640 439 2682 a
462 2619 572 2704 domo,

106 2779 192 2842 votis
216 2777 444 2862 ominibusque
468 2782 499 2843 et
522 2780 671 2864 precibus
695 2785 788 2846 vocat

108 2888 206 2932 curvo
230 2889 290 2932 neo
312 2867 428 2933 faeiem
451 2867 546 2935 litore
570 2869 725 2934 dimovet:

107 2957 154 3020 sio
178 2957 342 3021 desideriis
365 2957 429 3021 iota
452 2957 600 3022 fidelibus

152 3045 279 3131 quaerit
301 3047 408 3130 patria
431 3044 606 3112 Caesarem.

86 3221 232 3292 mano
300 3222 437 3294 oneo

87 3363 105 3418 8
124 3363 272 3446 perficient
288 3365 362 3432 (ant
376 3365 417 3432 F)
436 3365 473 3435 Θ
486 3365 536 3446 (τῇ,
554 3365 704 3434 perficiunt
719 3366 823 3420 Blaad.
839 3381 856 3425 ς

87 3433 1015 3578 &sustinetsustinet

88 3507 127 3631 ds
144 3517 201 3650 (ξ’
253 3575 290 3632 14
310 3527 436 3632 dimdues
454 3579 490 3648 ω
508 3580 577 3646 πη,
596 3580 728 3634 aemonae
743 3578 826 3634 aaa
931 3523 980 3576 ΟΨ
1000 3547 1016 3572 ”
