2400 3968
385 200 490 254 SERM.
510 201 566 256 15.
587 207 611 256 6.

87 346 196 431 siquid
219 347 294 411 miri
316 347 415 412 faciat
436 352 565 431 natura,
588 348 663 413 deos
687 347 720 412 id

88 459 93 500 ι
118 458 158 500 ex
181 437 247 503 alto
272 437 352 502 caeli
376 436 544 501 demittere
567 441 661 502 tecto.

88 526 199 590 lisium
222 526 338 612 longae
361 525 436 590 finis
460 525 652 611 chartaeque
676 527 809 610 viaeque
834 530 891 591 est.

470 829 526 894 VI.

97 936 186 1020 quia,
212 934 393 1020 Maecenas,
421 936 586 1022 Lydorum
615 937 771 1021 quidquid
798 936 953 1003 Etruscos

90 1026 124 1089 iit
147 1026 235 1108 finis,
258 1047 352 1092 nemo
377 1027 562 1112 generosior
586 1031 635 1090 est
658 1031 690 1090 te

94 1114 157 1179 uod
180 1136 256 1180 avos
280 1115 341 1180 tibi
364 1120 528 1180 maternus
550 1117 615 1180 fuit
638 1119 733 1200 atque
755 1120 907 1200 paternus

93 1205 148 1287 qui
172 1205 299 1290 magnis
316 1205 501 1291 legionibus
524 1204 755 1289 imperitarint‚

90 1293 194 1377 erique
218 1292 336 1377 solent,
358 1317 437 1360 naso
462 1294 630 1379 suspendis
654 1294 777 1359 adunco
980 1320 993 1361 s

90 1404 118 1447 >s
140 1386 178 1446 ut
201 1406 253 1448 me
275 1382 428 1447 libertino
451 1388 543 1468 patre
567 1386 687 1448 natum.

90 1471 203 1536 referre
226 1493 341 1558 negas,
365 1472 453 1556 quali
477 1473 520 1537 sit
543 1473 679 1556 quisque
702 1477 835 1556 parente

90 1611 96 1642 ,
120 1561 196 1626 dum
220 1562 391 1646 ingenuos,
415 1562 587 1646 persuades
609 1561 672 1626 hoc
695 1562 756 1626 tibi
779 1584 866 1646 vero,

90 1653 278 1734 potestatem
302 1649 390 1716 Tulli
412 1655 509 1734 atque
532 1651 676 1737 ignobile
698 1672 834 1736 rognum

93 1762 106 1804 s
130 1761 224 1823 saepe
247 1740 334 1804 viros
357 1740 456 1804 nullis
480 1740 656 1805 maioribus
680 1743 770 1805 ortos
966 1769 992 1809 m

90 1829 161 1894 :isse
183 1829 317 1912 probos,
341 1828 456 1914 amplis
480 1833 513 1894 et
535 1828 713 1894 honoribus
737 1833 862 1915 auctos3

90 1939 100 1980 s
123 1918 315 2003 Laevinum,
338 1918 450 1984 Valeri
473 1941 588 2006 genus,
611 1919 696 1984 unde
721 1918 884 2004 Superbus

89 2007 180 2072 n'nius
204 2029 304 2094 regno
328 2008 441 2092 pulsus
464 2009 563 2094 fugit,
586 2008 682 2074 unius
706 2009 785 2074 assis

89 2119 228 2181 imquam
252 2098 355 2180 pretio
379 2097 481 2182 pluris
503 2096 647 2183 licuisse,
670 2102 803 2163 notante

113 2207 177 2269 quo
201 2187 289 2251 nosti
311 2187 448 2272 populo,
472 2188 529 2272 qui
552 2187 670 2252 stultus
693 2178 833 2253 honores'
965 2216 990 2255 ιε

102 2275 157 2338 det
180 2275 322 2360 indignis
346 2279 378 2340 et
400 2277 505 2340 famae
529 2277 628 2340 servit
651 2277 794 2361 ineptus,

89 2367 173 2448 zupet
196 2365 231 2428 in
253 2364 358 2430 titulis
382 2369 414 2430 et
437 2364 640 2451 imaginibus.
687 2365 765 2450 quid
789 2369 917 2449 oportet

89 2475 169 2517 rcere
193 2476 211 2516 a
234 2453 331 2539 volgo
355 2455 452 2540 longe
475 2455 635 2541 longeque
658 2454 821 2520 remotos?

89 2564 123 2606 ue
146 2546 228 2607 esto:
250 2544 391 2628 populus
414 2544 555 2610 Laevino
579 2543 690 2608 mallet
712 2543 868 2609 honorem

104 2631 204 2696 Decio
227 2632 380 2697 mandare
403 2655 487 2698 novo
512 2655 688 2716 censorque
711 2637 854 2698 moveret
963 2662 989 2700 eo

89 2743 125 2804 is,
148 2720 289 2807 ingenuo
313 2723 341 2786 si
363 2743 429 2787 non
452 2744 555 2788 essem
577 2727 670 2808 patre
692 2727 801 2787 natus:

89 2880 248 2934 ›raODE
317 2880 454 2952 &RQ

89 3021 113 3075 >8
133 3021 282 3077 demittere
300 3023 336 3093 (D
395 3064 404 3089 ,
426 3023 570 3078 dimittere
588 3024 655 3078 DE

109 3090 337 3163 dimperitarint
395 3136 403 3162 ,
431 3095 627 3164 imperitarent
644 3094 683 3166 ᾧ)
755 3094 773 3149 b
792 3093 832 3148 Vt
848 3096 924 3165 Θφ,
951 3097 1001 3148 aut

93 3165 124 3218 E
181 3165 199 3218 6
218 3168 252 3219 ut
268 3167 355 3232 faisse
373 3168 404 3219 ia
423 3168 567 3237 archetypo
585 3168 702 3232 videtur,
721 3172 751 3220 at
768 3168 950 3235 ereperscripto
970 3182 1000 3232 ας

91 3237 131 3303 D,
151 3239 200 3290 aut
218 3239 251 3290 ut
271 3237 300 3304 0,
320 3239 350 3291 at
368 3239 401 3290 ut
419 3239 456 3305 E,
475 3241 525 3292 aut
543 3238 605 3311 &a
667 3239 766 3290 natum
787 3236 865 3303 W,
885 3237 925 3321 β]
943 3255 1001 3292 noa

87 3348 103 3433 'e
123 3310 394 3450 blidatilldmlipdd
408 3313 504 3436 latii.
517 3314 580 3436 4265’0
594 3309 843 3450 lddlbrduldoeh
862 3325 910 3434 id
925 3316 1001 3450 fruqqq

88 3451 198 3518 Bload„
221 3451 278 3505 fuit
296 3453 346 3511 Ες
420 3449 458 3507 14
476 3452 540 3505 Non
559 3468 693 3519 umquam
711 3453 747 3522 ᾷ)
764 3450 814 3522 ᾧ),
838 3450 902 3504 Non
920 3469 1001 3504 num-

88 3521 179 3577 DOR
234 3522 271 3579 18
291 3523 349 3577 Nos
367 3524 404 3594 ᾷ)
421 3523 459 3595 ᾧ
477 3525 588 3594 Ρονρὶι.,
611 3523 668 3578 Vos
689 3524 805 3593 Bentley
858 3521 999 3593 longeque

87 3594 223 3664 [Bload.),
246 3594 361 3662 lateque
381 3594 459 3649 Goth.

87 3702 172 3744 murus,
186 3694 221 3734 ed,
231 3692 367 3734 Vollmer.
386 3694 428 3733 Ed,
438 3695 517 3734 maior.
806 3689 839 3737 13
