2386 3974
472 171 578 226 SERM.
596 171 624 227 11
642 177 666 226 3.
1005 173 1078 237 ’223

60 317 188 399 ‘quanti
198 317 358 400 emptae?
385 318 516 399 ‘parvo'
538 317 663 400 ‘quanti
673 316 783 404 ergo?
805 318 1136 402 ‘octussibus.’‘eheu,

59 405 140 489 quid
161 404 272 488 refert,
296 406 410 471 morbo
435 428 475 471 an
498 405 595 470 furtis
618 413 810 491 pereamque
832 407 987 492 rapinis?

60 495 224 576 ‘quisnam
238 494 340 580 igitur
354 495 483 559 sanus?
515 495 571 578 qui
585 518 652 561 non
666 495 794 560 stultus.
829 496 919 580 ‘quid
933 498 1081 562 avarus?

61 583 183 647 stultus
207 587 239 647 et
262 585 403 648 insanus.
437 656 475 682 m
526 654 532 666 ,
613 655 618 667 ,
671 656 676 668 ,
828 656 833 669 ,

479 656 571 740 qurd,
594 678 695 739 srqurs
718 677 784 719 non
809 660 851 720 srt
874 679 1002 739 averna,

60 742 215 809 continuo
243 743 374 807 sanus?
421 745 563 808 minime.
610 744 693 828 ‘our,
722 743 863 809 Stoice?
912 745 1024 812 dicam.
1080 772 1123 812 rso

61 834 139 898 ‘non
163 836 212 896 est
236 833 400 898 cardiacus
424 831 608 918 (Craterum
631 833 751 898 dixisse
774 832 902 921 putato)

59 921 113 986 hic
137 922 253 1006 aeger'.
278 927 364 986 recte
387 926 437 986 est
459 923 572 1007 igitur,
597 923 794 1007 surgatque?
839 924 984 1009 negabit,

60 1010 148 1094 quod
171 1010 256 1075 latus
281 1015 337 1074 aut
358 1032 450 1074 renes
473 1011 585 1077 morbo
609 1015 809 1095 temptentur
832 1017 935 1078 acuto.

59 1121 126 1162 non
150 1102 199 1163 est
222 1100 371 1182 periurus
395 1121 498 1183 neque
522 1100 679 1182 sordidae,
702 1100 839 1166 inmolet
862 1102 972 1184 aequis

59 1188 114 1252 hic
137 1209 271 1271 porcum
295 1188 445 1273 Laribus3
468 1211 581 1254 verum
605 1190 795 1254 ambitiosus
819 1194 852 1254 et
874 1191 991 1255 audax:
1079 1215 1122 1256 rsa

59 1276 192 1361 naviget
215 1278 415 1362 Anticyram.
462 1278 540 1361 quid
567 1279 652 1342 enim
683 1279 802 1362 differt,
830 1279 1024 1344 barathrone

60 1367 159 1430 dones
179 1367 336 1449 quidquid
354 1366 454 1431 habes
473 1390 513 1430 an
528 1390 704 1451 numquam
718 1373 809 1433 utare
823 1368 967 1451 paratis?
982 1407 1024 1414 —

61 1454 193 1519 Servius
217 1453 376 1540 Oppidius
401 1455 519 1520 Canusi
543 1456 605 1520 duo
629 1457 774 1542 praedia,
798 1457 886 1521 dives

60 1544 196 1627 antiquo
221 1565 330 1628 censu,
354 1547 461 1629 gnatis
486 1546 603 1609 divisse
627 1546 753 1611 duobus

59 1633 164 1697 fertur
187 1638 219 1697 et
242 1633 305 1699 hoe
327 1633 468 1698 moriens
492 1635 601 1718 pueris
626 1635 744 1699 dixisse
767 1636 890 1700 vocatis
1079 1664 1123 1702 rro

60 1723 100 1785 ad
123 1723 258 1786 lectum:
282 1723 466 1806 ‘postquam
488 1728 521 1786 te
544 1724 641 1804 talos,
663 1722 761 1808 Aule,
783 1746 944 1808 nucesque

58 1811 143 1875 ferre
166 1811 239 1875 sinu
262 1811 349 1893 laxo,
374 1813 492 1876 donare
516 1818 548 1876 et
570 1813 679 1877 ludere
703 1813 783 1896 vidi,

59 1904 105 1982 te,
129 1899 252 1984 Tiberi,
274 1923 454 1984 numerare,
479 1903 565 1966 cavis
588 1902 785 1967 abscondere
808 1903 947 1986 tristem,

59 1989 207 2071 extimui,
230 2011 271 2052 ne
294 2012 352 2053 vos
376 1994 485 2076 ageret
508 1993 638 2055 vesania
661 1992 796 2075 discors,

59 2082 96 2141 tu
118 2076 374 2163 Nomentanum,
397 2084 433 2143 tu
456 2102 497 2143 ne
520 2101 687 2163 sequerere
712 2079 865 2145 Cicutam.
1079 2107 1122 2149 ris

60 2189 159 2250 quare
181 2190 239 2250 per
262 2168 353 2232 divos
377 2172 486 2232 oratus
509 2171 645 2252 uterque
667 2168 798 2232 Penatis

60 2261 96 2319 tu
122 2277 196 2321 cave
219 2279 259 2319 ne
282 2257 423 2340 minuaS,
446 2262 483 2322 tu
505 2256 546 2322 ne
568 2259 673 2322 maius
696 2257 796 2322 facias
820 2258 853 2320 id

60 2345 149 2429 quod
172 2346 250 2409 satis
275 2368 343 2409 esse
366 2351 461 2431 putat
484 2352 576 2430 pater
599 2351 632 2410 et
653 2351 770 2410 natura
793 2350 926 2411 coercet.

59 2438 225 2516 praeterea
247 2457 287 2498 ne
310 2457 368 2500 ros
392 2436 505 2499 titillet
528 2437 645 2522 gloria,
668 2438 739 2500 iure

59 2523 194 2586 iurando
220 2524 420 2608 obstringam
445 2527 553 2590 ambo:
577 2531 649 2589 uter
672 2524 785 2588 aedilis
808 2525 945 2590 fueritve
1078 2554 1123 2594 rso

58 2616 204 2676 vestrum
227 2617 369 2697 praetor,
393 2614 421 2676 is
446 2614 641 2678 intestabilis
666 2618 699 2678 et
722 2635 810 2678 sacer
834 2615 924 2678 est0.'

132 2735 296 2803 &aon
366 2735 465 2806 epo

132 2838 190 2892 166
210 2844 323 2909 emptae
341 2842 390 2911 Q,
409 2843 498 2910 empti
519 2846 542 2895 Φ
615 2842 774 2897 oetussibus
793 2844 859 2913 ΘΦ
877 2861 969 2899 comm.
986 2846 1078 2914 Orops,

58 2912 112 2964 oct.
141 2911 250 2965 assibus
274 2914 332 2982 (sic)
356 2914 470 2979 Blaad,
499 2915 562 2968 octo
586 2914 733 2973 assibusc
822 2914 879 2969 163
902 2917 998 2983 repetit
1020 2918 1077 2984 ipse

58 2984 136 3050 epist.
157 2988 182 3048 1,
202 2987 228 3048 6,
246 2986 285 3037 28
309 2984 360 3052 (si.
374 3028 377 3035 .
391 2987 605 3053 temptantur),
629 2987 661 3041 ob
684 3002 765 3041 renes
789 2987 870 3053 affert
887 2988 974 3042 Prisc.
996 2991 1021 3053 6,
1040 2992 1080 3042 30

54 3058 165 3122 p.221,
182 3058 217 3107 16
264 3057 439 3123 temptentur
453 3058 489 3127 Q
502 3057 552 3128 Q,
570 3059 747 3125 temptantur
761 3076 777 3117 ς
791 3059 900 3128 (Prisc.)
951 3057 1008 3111 166
1027 3059 1079 3112 ba-

57 3125 192 3177 rathrone
215 3126 251 3195 Q
268 3126 306 3198 Q
329 3128 410 3194 (deest
429 3129 474 3197 E)
498 3129 599 3197 Porpb.
620 3130 649 3198 (i.
667 3129 748 3183 schol.
768 3129 828 3182 PV
843 3146 873 3198 p.
889 3133 951 3194 149,
971 3131 1078 3197 Idsq.),·

58 3195 207 3248 Balatroni
225 3198 266 3251 oel
291 3197 461 3252 Barathroni
484 3200 609 3254 dativum
631 3201 752 3255 nominis
772 3203 883 3268 proprii
905 3202 1078 3268 interpretati

57 3274 124 3321 surtt
151 3269 195 3334 (cf.
215 3271 242 3333 2,
266 3272 293 3335 8,
316 3271 364 3339 21)
387 3271 434 3323 Pe.
453 3271 557 3337 Porpb.
577 3288 607 3338 p.
628 3275 693 3338 301,
715 3275 762 3338 27,
785 3272 865 3326 schol.
884 3272 947 3326 PV
965 3289 994 3340 p.
1015 3276 1080 3340 149,

59 3341 183 3404 13-17,·
210 3356 305 3392 verum
329 3340 446 3408 quidam
468 3341 569 3411 legunt
593 3342 759 3409 ‘barathro',
782 3345 815 3396 ut
833 3344 928 3396 veniat
952 3343 1077 3396 anomi-

57 3408 155 3462 nativo
169 3409 318 3463 barathrus
333 3414 380 3466 Ps.
396 3414 498 3481 Porpb.
555 3411 612 3466 168
628 3413 706 3467 dives
721 3445 755 3455 -—
770 3430 856 3468 censu
870 3415 902 3467 ob
916 3417 1077 3470 sabbatium

58 3481 133 3535 Sero.
149 3482 218 3535 Aca.
234 3486 259 3547 7,
279 3487 333 3536 537
406 3483 463 3537 169
484 3484 589 3537 diuisae
607 3486 643 3555 Q
660 3485 698 3557 Q
717 3485 852 3556 (elaea),
876 3485 1006 3539 diuisisse
1025 3487 1083 3540 aa*

60 3551 119 3605 170
134 3551 186 3606 hoo
200 3554 236 3623 Q
246 3553 284 3625 Q
298 3555 438 3625 (Blaesi),
452 3555 523 3610 haec
538 3572 554 3614 ς
610 3553 668 3610 174
682 3557 838 3627 u(a)esania
850 3555 901 3630 Q,
915 3556 1027 3613 insania
1040 3557 1081 3628 Q
