2400 3968
363 108 552 164 cunnus
920 111 962 177 51

105 278 163 321 seu
186 259 328 321 maestus
351 257 441 320 omni
463 260 608 339 tempore
630 255 749 320 vixeris
951 282 965 324 s

107 366 164 410 seu
186 349 219 410 ts
242 346 277 410 in
299 349 425 410 remoto
448 345 594 431 gramine
616 367 674 429 per
697 344 764 410 dies

150 434 250 499 fesios
272 435 463 499 reclinatum
487 433 593 498 bearis

196 523 347 588 interiore
369 527 450 588 noia
471 521 609 588 Falerni.

106 705 171 768 quo
194 684 291 769 pinus
314 684 428 768 ingens
452 682 589 767 albaque
610 683 751 768 populus

106 773 255 836 umbram
278 772 473 856 hospitalem
497 773 681 838 consociare
705 776 814 837 amant

151 863 270 927 remis?
316 862 396 945 quid
418 861 553 944 obliquo
576 860 704 927 laboret

195 951 329 1036 lympha
350 950 452 1036 fugax
474 950 635 1035 irepidare
660 951 752 1016 rivo?

106 1111 171 1175 huo
192 1111 269 1176 vina
291 1115 323 1175 et
345 1113 511 1196 unguente
534 1115 568 1174 et
589 1112 726 1176 nimium
749 1110 856 1177 brevis

106 1201 204 1265 flores
227 1220 380 1264 amoenae
402 1200 485 1263 ferre
509 1199 584 1263 iube
607 1222 708 1285 rosae,

153 1289 230 1354 dum
253 1311 304 1353 res
327 1293 360 1353 et
383 1293 470 1353 aetas
494 1293 527 1352 et
550 1311 698 1354 sororum

196 1378 252 1442 fila
275 1377 374 1442 trium
398 1379 568 1462 patiuntur
591 1383 669 1443 airu

108 1538 200 1604 cedes
224 1539 380 1622 coemptis
404 1539 540 1602 uultibus
564 1542 597 1603 et
620 1539 715 1604 domo

108 1627 262 1712 viliaque,
284 1627 386 1692 flavos
410 1650 508 1712 quam
530 1626 657 1692 Tiberis
680 1627 768 1713 levit,

153 1716 245 1782 cedes
268 1719 300 1780 ei
324 1718 496 1781 exstructis
519 1717 554 1781 in
577 1717 678 1782 ultum

199 1805 321 1870 divitiis
344 1806 488 1889 potietur
509 1806 610 1870 heres.

109 1965 239 2030 divesne
261 1966 367 2050 priseo
390 1970 487 2029 natus
510 1965 551 2029 ab
574 1963 695 2030 Inacho

108 2053 157 2119 nil
180 2056 315 2119 interest
338 2077 380 2118 an
402 2076 524 2138 pauper
547 2058 580 2119 et
598 2054 710 2119 infima

154 2143 312 2230 degente
336 2143 395 2208 sub
420 2144 494 2208 divo
517 2144 666 2209 moreris:

197 2233 331 2298 victima
353 2232 400 2297 nil
423 2232 606 2297 miserantis
630 2231 713 2298 Orci.

111 2415 222 2458 omnes
246 2393 358 2458 eodem
383 2394 541 2478 cogimur,
565 2393 710 2458 omnium

108 2486 256 2550 versatur
278 2504 359 2545 urna
382 2483 484 2547 serius
508 2483 598 2546 ooius

154 2593 223 2636 sors
247 2572 373 2635 exitura
396 2575 428 2634 ei
450 2592 510 2635 nos
533 2571 567 2634 in
590 2575 756 2635 aeternum

199 2659 332 2725 exilium
356 2661 537 2744 inpositura
559 2660 701 2744 cymbae.

65 2818 229 2872 :nunu
298 2817 434 2888 spuo

75 2961 103 3016 6.
126 2961 140 3013 7
166 2962 264 3016 omisso
289 2962 319 3014 te
346 2960 378 3014 ob
407 2959 499 3013 bearis
525 2960 617 3026 adfert
642 2960 763 3014 Gramm.
789 2960 817 3014 V
836 2963 905 3027 572,
931 2963 969 3014 23

57 3031 78 3085 >d
90 3033 127 3104 Θ
139 3031 179 3104 Θ
194 3032 310 3098 (Blaod.
328 3032 395 3085 ‘nou
413 3032 471 3086 sine
490 3033 568 3098 turpi
581 3031 703 3099 litm‘a'),
722 3031 799 3099 quod
812 3032 851 3097 D,
870 3047 926 3099 quo
941 3033 972 3086 Ε

64 3120 144 3158 suum
168 3119 250 3157 usum
274 3104 405 3157 conuertit
425 3105 531 3185 Aosop.
551 3107 614 3169 401,
633 3107 668 3155 44
760 3101 797 3156 18
821 3103 854 3157 ob
876 3102 970 3157 lavere

57 3191 200 3300 :nu
217 3175 326 3300 uu
341 3178 405 3298 u
424 3173 970 3312 suu„eunounss

57 3316 109 3373 iam
130 3317 213 3372 habet
234 3318 314 3372 schol.
330 3317 398 3372 stat.
419 3317 501 3371 Theb.
517 3322 544 3382 8,
560 3319 614 3369 193
707 3315 771 3369 Oroi
794 3317 851 3370 soil.
872 3332 902 3370 es
922 3319 969 3385 (of.

57 3387 134 3444 onena
153 3389 175 3441 I
185 3406 215 3458 p.
232 3393 296 3456 190)
388 3386 426 3441 28
447 3388 563 3442 exilium
581 3388 617 3457 Q)
635 3387 686 3459 Q,
705 3386 822 3441 exitium
844 3390 867 3440 Φ

774 3581 809 3632 4*
