2400 3968
483 227 593 284 CARM.
607 228 647 282 HI
665 234 708 284 29.

242 375 433 460 plerumque
456 376 567 459 gratae
589 373 747 438 divitibus
770 374 856 439 vices

242 465 444 547 mundaeque
466 484 566 548 parvo
590 463 650 527 sub
673 463 740 527 lare
763 484 941 548 pauperum

288 575 383 618 cenae
406 552 475 617 sine
498 552 619 616 aulaeis
642 555 674 616 et
698 555 788 619 ostro

333 641 506 706 sollicitam
529 642 713 727 explicuere
735 641 887 707 frontem.

242 803 308 866 iam
332 802 437 867 clarus
461 802 625 867 occultum
648 800 875 867 Andromedae
896 804 978 886 pater

244 891 387 957 ostendit
409 892 531 976 ignem,
554 892 618 955 iam
641 890 792 977 Procyon
813 892 896 956 furit

288 985 321 1045 et
344 980 438 1045 stella
459 981 569 1045 vesani
592 979 711 1045 Leonis

333 1069 401 1134 sole
424 1069 491 1135 dies
514 1071 672 1134 referente
694 1070 810 1156 siccos3

243 1231 308 1294 iam
331 1233 443 1315 pastor
465 1230 596 1294 umbrae
620 1251 693 1294 cum
716 1250 815 1315 grege
837 1227 980 1316 languido

244 1320 412 1403 rivumque
435 1319 539 1383 fessus
563 1318 689 1402 quaerit
712 1322 745 1383 et
766 1318 893 1384 horridi

290 1409 420 1473 dumeta
442 1406 566 1472 Silvani
588 1411 740 1491 caretque

333 1498 405 1582 ripa
427 1498 518 1582 vagis
542 1498 702 1561 taciturna
725 1497 840 1562 ventis.

245 1663 283 1723 tu
306 1657 470 1722 civitatem
493 1658 566 1741 quis
589 1657 700 1723 deceat
723 1661 827 1722 status

246 1770 339 1813 curas
363 1751 395 1811 et
417 1747 491 1813 urbi
515 1746 674 1812 sollicitus
696 1745 806 1831 times,

291 1837 368 1921 quid
392 1834 485 1901 Seres
508 1839 541 1900 et
563 1839 698 1921 regnata
722 1835 806 1920 Cyro

334 1925 451 1990 Bactra
472 1929 588 2009 parent
610 1925 792 2008 Tanaisque
816 1924 945 1991 discors.

246 2087 386 2170 prudens
409 2086 512 2151 futuri
534 2085 689 2169 temporis
713 2087 836 2151 exitum

249 2175 425 2262 caliginosa
446 2178 541 2241 nocte
564 2175 683 2259 premit
707 2175 785 2240 deus

292 2265 453 2349 ridetque,
477 2263 505 2327 si
528 2265 675 2330 mortalis
698 2264 784 2329 ultra

335 2356 384 2419 fas
406 2353 556 2437 trepidat.
603 2354 690 2436 quod
713 2353 804 2418 adest
827 2357 982 2418 memento

247 2536 428 2599 conponere
451 2535 583 2599 acquos3
608 2516 713 2578 cetera
736 2513 881 2578 fluminis

247 2605 314 2668 ritu
336 2603 497 2687 feruntur,
520 2625 607 2667 nunc
629 2603 735 2669 medio
759 2624 899 2686 aequore

294 2715 469 2777 cumpace
492 2691 670 2756 delabentis
694 2691 869 2756 Etruscum
976 2773 981 2781 Ι

337 2784 371 2846 in
394 2804 497 2865 mare,
520 2803 606 2845 nunc
628 2780 753 2865 lapides
776 2781 890 2846 adesos

248 2942 423 3026 stirpisque
446 2945 555 3026 raptas
579 2945 611 3006 et
633 2963 733 3025 pecus
756 2945 789 3006 et
812 2940 926 3007 domos

248 3032 408 3098 volventis
432 3055 509 3112 una,
531 3053 598 3095 non
621 3033 690 3095 sine
713 3031 874 3095 montium

294 3122 432 3185 clamore
456 3121 643 3203 vicinaeque
666 3121 778 3203 silvae,

92 3239 120 3278 ro
339 3232 412 3275 cum
435 3211 504 3274 fera
527 3210 664 3274 diluvies
688 3210 815 3292 quietos

164 3352 350 3424 &Aac
406 3350 544 3422 mnu

165 3475 346 3531 referuntur
360 3477 466 3545 (entur
480 3475 517 3544 R)
536 3475 572 3545 (i)
585 3474 636 3546 (ri),
654 3473 814 3527 referuntur
827 3474 891 3529 All
946 3489 1051 3542 aequor

94 3548 174 3603 alveo
190 3548 228 3619 Θ
246 3548 309 3603 er
392 3547 428 3599 37
450 3548 483 3602 ob
501 3546 586 3615 stirps
604 3547 666 3612 fem.
686 3547 778 3612 adfert
796 3545 869 3600 Seru
889 3546 960 3601 Aen.
980 3549 1006 3612 3,
1024 3548 1051 3601 a

94 3624 140 3674 99.
159 3623 204 3688 12,
221 3622 286 3686 208,
305 3620 369 3674 item
387 3618 544 3687 stirpesque
563 3620 659 3687 raptas
680 3618 789 3672 Olcdoa.
807 3634 923 3687 qramm.
944 3618 971 3672 V
985 3621 1051 3686 40,l
