2400 3968
140 158 208 222 314
474 155 524 210 DE
542 155 640 210 Anna
658 154 823 210 ΡΟΕΤΙΟΔ.

143 329 182 370 ιω
196 301 320 387 colligit
343 323 380 366 ac
402 301 497 386 ponit
518 305 640 365 temere
662 304 695 365 et
716 298 866 366 mutatur
888 302 924 364 in
947 301 1054 367 horas.

196 390 340 456 inberbis
363 390 497 474 iuvenis,
519 390 649 454 tandem
673 390 806 454 custode
829 394 970 475 remoto,

195 481 314 568 gaudet
336 480 428 563 equis
451 480 646 563 canibusque
669 484 703 543 et
725 479 828 563 aprici
852 481 1003 565 gramine
1027 478 1138 566 Campi,

196 592 306 634 cereus
329 570 363 633 in
386 569 503 632 vibium
526 568 621 651 flecti,
643 567 863 633 monitoribus
887 591 994 654 asper,

194 659 325 723 utilium
347 658 459 722 tardus
481 657 638 741 provisor,
660 657 819 742 prodigus
842 657 938 740 serie,

141 773 180 814 res
195 748 343 813 sublimis
367 745 564 829 cupidusque
587 751 621 809 et
642 751 750 808 amata
771 746 960 830 relinquere
983 749 1105 832 pernix.

195 837 356 902 conversis
380 835 495 900 studiis
519 838 606 898 aetas
629 835 820 918 animusque
843 835 952 899 virilis

195 917 321 1009 quaerit
343 946 421 1008 opes
445 928 478 987 et
500 923 667 1007 amicitias,
689 924 823 987 inservit
846 924 979 1009 honori,

195 1015 382 1080 conmisisse
407 1017 498 1077 cavet
519 1013 607 1096 quod
628 1034 706 1076 mox
727 1017 853 1076 mutare
876 1013 1018 1079 laboret.

193 1104 296 1169 multa
319 1124 427 1168 senem
451 1102 705 1166 circumveniunt
727 1102 945 1186 incommoda,
969 1106 1025 1169 vel
1048 1106 1128 1188 quod

140 1219 180 1258 rio
195 1194 320 1277 quaerit
343 1195 376 1255 et
399 1191 537 1255 inventis
560 1191 659 1255 miser
681 1190 824 1255 abstinet
846 1213 885 1256 ac
908 1193 1010 1257 timet
1033 1196 1091 1279 uti,

193 1282 245 1346 vei
268 1281 355 1365 quod
377 1302 428 1344 res
452 1281 557 1344 omnis
579 1279 693 1343 timide
716 1279 886 1364 gelideque
908 1282 1089 1366 ministrat,

194 1371 320 1452 dilator,
344 1391 400 1454 spe
423 1369 549 1454 longus,
571 1369 658 1432 iners
681 1369 859 1452 avidusque
882 1369 1001 1455 futuri,

194 1459 345 1542 difficilis,
369 1457 531 1541 querulus,
553 1457 703 1523 laudator
724 1458 881 1541 temporis
904 1459 974 1524 acti

194 1571 227 1613 se
249 1570 358 1633 puero,
382 1547 558 1633 castigator
580 1568 756 1630 censorque
777 1547 953 1612 minorum.

139 1662 178 1704 ris
193 1638 296 1701 multa
318 1638 426 1701 ferunt
449 1636 525 1700 anni
547 1637 713 1700 venientes
736 1636 906 1701 commoda
931 1659 1057 1721 secum,

193 1727 295 1790 multa
317 1726 501 1790 recedentes
524 1724 684 1789 adimunt:
707 1747 748 1788 ne
771 1725 856 1789 forte
880 1726 1003 1792 seniles

192 1816 384 1878 mandentur
407 1815 516 1878 iuveni
538 1818 647 1898 partes
669 1835 834 1898 pueroque
856 1814 985 1880 viriles:

193 1926 318 1988 semper
341 1905 376 1966 in
398 1903 558 1968 adiunctis
582 1925 724 1987 aevoque
748 1903 930 1967 morabitur
953 1906 1054 1989 aptis.

193 1998 250 2058 aut
273 1993 380 2079 agitur
403 2015 454 2056 res
477 1995 512 2057 in
535 1993 658 2057 scaenis
682 1995 738 2055 aut
761 1996 833 2056 acta
853 1992 1007 2058 refertur.

139 2109 178 2148 rec
193 2083 322 2167 segnius
346 2082 475 2146 irritant
498 2081 622 2145 animos
646 2081 785 2145 demissa
807 2103 865 2165 per
888 2104 1002 2147 aurem

193 2195 288 2255 quam
312 2193 392 2254 quae
416 2174 492 2235 sunt
515 2171 618 2234 oculis
642 2170 787 2234 subiecta
809 2171 961 2235 fidelibus
985 2177 1021 2236 et
1048 2197 1128 2258 quae

192 2262 260 2344 ipse
284 2260 346 2324 sibi
369 2261 468 2324 tradit
491 2264 667 2344 spectator3
690 2281 756 2324 non
779 2265 886 2323 tamen
910 2261 1001 2324 intus

193 2351 291 2435 digna
312 2350 381 2433 geri
405 2371 532 2433 promes
556 2349 591 2411 in
614 2369 760 2412 scaenam
783 2348 951 2432 multaque
975 2351 1076 2416 tofles

191 2462 230 2501 ex
253 2439 366 2520 oculis,
389 2461 470 2521 quae
493 2461 569 2502 mox
591 2442 701 2501 narret
723 2437 873 2502 facundia
895 2460 1066 2520 praesens:

192 2526 790 2699 ttPttttt⁰tttt⁰tttttt
802 2528 951 2680 titt?
968 2615 1093 2685 raes

191 2709 247 2768 aut
273 2706 308 2768 in
336 2727 427 2768 avem
450 2704 573 2769 Procne
600 2709 758 2789 vertatur,
788 2703 926 2769 Cadmus
952 2707 987 2770 in
1012 2730 1161 2794 anguem.

176 2845 364 2914 ‚mano
432 2844 568 2916 (mnu

209 2968 264 3022 161
284 2968 412 3022 Inberbis
431 2969 465 3037 Q
483 2967 521 3039 Q
538 2976 570 3023 ut
588 2971 664 3036 epist.
683 2972 711 3034 2,
730 2975 756 3035 1,
775 2973 822 3035 86,
841 2969 987 3024 Imberbus
1009 2972 1034 3024 0
1052 2974 1160 3028 Bland.

135 3058 169 3095 ex
187 3041 288 3095 scholio
307 3042 387 3108 quale
405 3039 537 3092 inberbus
556 3043 584 3093 et
607 3039 732 3093 inberbis
757 3040 830 3094 sicut
848 3041 973 3095 inermus
991 3043 1023 3096 et
1041 3043 1159 3100 inermis

134 3113 252 3167 sebois
292 3111 349 3164 166
364 3111 463 3165 Cereus
478 3111 512 3175 cf.
524 3112 620 3166 Heirc'c
633 3112 734 3166 PMA
747 3113 877 3179 111440,
892 3117 930 3167 80
972 3113 1031 3168 166
1047 3116 1160 3170 animus

136 3215 169 3224 -
184 3182 325 3237 amicitias
345 3184 377 3236 ob
395 3183 554 3237 seutentiam
569 3183 760 3248 Suadenti,
775 3188 830 3237 163
886 3182 942 3237 168
961 3201 1028 3239 mox
1044 3190 1158 3241 mutare

134 3256 171 3325 Q
188 3255 227 3326 Q
248 3256 329 3309 schol.
348 3255 414 3320 PV,
441 3257 644 3321 permutares
734 3255 792 3308 170
815 3256 847 3310 ob
866 3255 950 3310 timet
967 3257 1050 3311 schol.
1070 3263 1099 3312 Γ
1121 3261 1159 3314 ad

134 3332 253 3392 serm.1,
272 3332 298 3392 1,
317 3330 353 3379 42
431 3324 485 3379 172
511 3325 611 3378 auidus
630 3326 666 3396 Q
684 3325 723 3397 (u)
744 3327 826 3380 schot.
844 3330 878 3393 P,
901 3328 1025 3396 pauidus
1045 3331 1165 3403 Bentley

136 3396 192 3449 178
213 3397 369 3450 morabitur
382 3397 418 3467 Q
431 3396 467 3468 Q
484 3397 565 3451 schol.
582 3398 646 3463 FV,
665 3397 839 3452 morabimur
857 3416 898 3458 ας
916 3397 952 3468 (0
968 3416 1027 3454 non
1048 3403 1162 3472 lepitur)

136 3484 169 3520 erc
187 3470 289 3522 scholio
308 3469 387 3536 quale
405 3469 484 3522 schol.
500 3468 563 3521 PV
576 3486 603 3536 p.
620 3473 682 3535 339,
702 3473 719 3522 6
792 3470 868 3538 aptis
887 3471 923 3541 Q
996 3474 1079 3528 schol.
1098 3475 1160 3528 ΓΡ

135 3539 195 3605 apti
215 3542 242 3594 B
317 3540 374 3593 179
393 3542 425 3594 ob
444 3540 564 3595 trebnica
582 3542 663 3594 cerba
678 3541 805 3596 Diomcd.
820 3559 933 3612 promia
984 3547 1049 3611 490,
1067 3549 1108 3599 26
