2400 3968
554 393 641 460 VIII.

223 520 385 586 Donarem
408 526 534 604 pateras
559 524 716 606 grateque
739 519 948 606 commodus,

224 609 411 692 Censorino,
434 610 514 674 meis
538 632 612 674 aera
635 609 814 692 sodalibus,

223 699 375 765 donarem
398 699 556 783 tripodas,
579 699 723 782 praemia
743 698 879 763 fortium

223 786 407 872 Graiorum,
430 809 534 873 neque
558 791 594 851 tu
616 809 768 872 pessuma
790 809 963 852 munerum

222 966 334 1050 ferres,
359 966 458 1030 divite
480 989 532 1030 me
556 965 679 1030 scilieet
701 967 820 1030 artium

224 1077 303 1139 quas
327 1059 383 1119 aut
405 1054 595 1119 Parrhasius
619 1054 757 1138 pretulit
780 1059 837 1119 aut
861 1053 997 1140 Scopas,

220 1144 275 1209 hia
298 1166 389 1230 saxo,
412 1144 546 1228 liquidis
570 1143 625 1208 ille
648 1143 812 1209 coloribus

221 1232 333 1298 sollers
356 1255 441 1297 nune
464 1233 628 1299 hominem
651 1254 783 1318 ponere,
806 1254 893 1298 uuna
918 1234 1021 1298 deum.

222 1412 277 1476 sed
299 1432 365 1475 non
387 1411 466 1476 haec
488 1412 570 1475 mihi
592 1412 655 1497 ris,
678 1433 744 1478 non
765 1411 828 1476 tibi
850 1410 967 1476 talium

219 1523 271 1564 res
295 1504 343 1564 est
366 1504 422 1565 aut
445 1501 572 1565 animus
595 1500 782 1566 deliciarum
805 1522 913 1586 egens.

221 1590 340 1675 gaudes
364 1589 572 1676 carminibus,
596 1589 738 1654 earmina
759 1611 934 1673 possumus

220 1679 339 1742 donare
362 1682 394 1742 et
417 1679 557 1763 pretium
580 1680 685 1744 dicere
707 1678 843 1743 muneri.

218 1878 284 1921 non
309 1856 410 1921 ineisa
430 1858 517 1921 notis
540 1879 702 1924 marmora
723 1855 878 1940 publicis,

220 1967 278 2030 per
301 1967 384 2029 quae
407 1947 540 2030 spiritus
563 1952 597 2011 et
618 1947 686 2012 vita
708 1945 793 2010 redit
815 1945 911 2011 bonis

220 2038 455 2119 postmortem
480 2037 627 2119 ducibus,
651 2036 731 2121 [non
754 2035 873 2101 celeres
895 2036 995 2122 fugae

220 2125 420 2207 reiectaeque
443 2129 621 2190 retrorsum
643 2123 838 2190 Hannibalis
861 2124 982 2207 minae,

219 2235 285 2277 non
308 2213 455 2278 incendia
477 2214 688 2301 Karthaginis
711 2213 818 2298 inpiae

221 2303 303 2387 eius,
327 2304 384 2385 qui
408 2302 530 2368 domita
553 2325 670 2368 namen
694 2302 733 2367 ab
757 2303 870 2368 Africa

219 2392 361 2456 lucratus
385 2391 507 2477 rediit,]
532 2393 648 2457 alarius
672 2392 815 2456 indicant

220 2481 330 2544 laudes
354 2503 450 2564 quam
474 2479 627 2546 Calabrae
650 2481 793 2546 Pierides
816 2503 936 2565 neque,

220 2571 248 2633 si
272 2569 400 2634 chartae
424 2570 540 2634 sileant
564 2571 652 2654 quod
674 2571 755 2635 bene
777 2570 907 2656 feceris,

218 2659 397 2722 mercedem
421 2659 541 2724 tuleris.
589 2660 774 2744 quidforet
795 2657 875 2725 Iliae

219 2747 441 2831 Mavortisque
464 2772 556 2833 puer,
579 2749 607 2812 si
630 2748 833 2813 taciturnitas

219 2837 362 2900 obstaret
384 2839 507 2902 meritis
530 2838 640 2903 invida
661 2837 814 2902 Romuli?

156 3012 287 3082 &AB
358 3012 494 3085 Qun

156 3170 217 3243 8,1
239 3173 399 3226 commodus
418 3174 454 3244 Q
471 3174 509 3246 Q
528 3175 629 3243 Porph.
645 3176 673 3243 (i.
688 3176 768 3229 schol.
783 3175 855 3246 AV)
874 3177 1012 3248 (menia),
1031 3195 1094 3234 aon·

84 3244 176 3296 modis
192 3247 216 3297 Φ
270 3245 299 3299 6.
319 3244 347 3299 8.
370 3246 384 3299 7
406 3247 463 3312 (hoc
481 3247 587 3315 ardiae)
606 3247 637 3300 ab
656 3261 760 3314 ponere
774 3245 847 3301 Serv.
862 3255 936 3302 auat.
947 3249 1096 3317 Arausa

84 3315 103 3368 d
124 3314 198 3379 Quas
218 3318 268 3368 aut
285 3317 322 3386 Q
338 3316 388 3388 Q,
415 3315 511 3380 Qualis
531 3317 625 3386 (Sera.)
715 3317 835 3386 protulit
852 3319 890 3391 Q
906 3318 959 3392 Q,
978 3318 1096 3391 prodidit

85 3387 179 3455 (Sera.)
258 3387 349 3440 enon
368 3387 423 3441 tibi
441 3388 477 3458 Q
494 3388 544 3460 Q,
573 3404 625 3441 nea
643 3388 697 3442 tibi
717 3391 735 3442 d
753 3389 857 3444 Bland.
939 3391 976 3446 12
995 3389 1097 3447 maneti

83 3459 120 3528 Q
138 3457 187 3539 Q,
206 3459 328 3511 muneris
349 3475 365 3517 ς
439 3459 548 3512 14-17
570 3461 666 3514 delevit
685 3461 858 3530 Peerlkamp,
879 3461 916 3516 lt
936 3480 995 3518 nan
1015 3462 1097 3521 -10

85 3529 171 3582 rediit
193 3530 290 3583 deleuit
314 3531 491 3596 Lachmann,
520 3531 554 3584 17
580 3532 676 3584 delevit
699 3533 831 3602 Beatum
859 3534 1022 3607 Porphyria
1043 3536 1099 3609 W

84 3617 108 3654 a.
125 3597 175 3666 14,
195 3601 229 3654 17
251 3601 340 3669 (schot.
352 3605 399 3670 Γ),
415 3601 451 3655 18
525 3602 561 3656 15
581 3601 685 3655 celeres
701 3602 785 3672 fugae
799 3603 850 3675 Q,
871 3603 972 3661 celeris
987 3606 1100 3681 fnth
