2400 3968
330 110 597 166 onnuunco.
931 109 971 175 ῃ

136 278 332 340 quamquem
355 255 481 321 choreis
504 255 613 339 aptior
634 258 668 319 et
691 253 769 321 iocis
947 279 973 321 ss

135 346 277 430 ludoque
300 346 406 410 dictus
429 366 495 408 non
519 348 570 408 sat
592 344 727 408 idoneus

179 457 308 522 pugnae
330 433 498 518 ferebaris3
522 434 578 497 sed
601 433 688 498 idem

224 525 313 609 pacis
337 544 407 588 eras
431 523 621 606 mediusque
642 521 729 586 belli.

133 652 166 713 te
189 649 271 714 vidit
293 651 406 714 insons
431 646 588 712 Cerberus
610 668 708 713 aureo

133 759 234 803 cornu
258 739 409 803 decorum
431 737 548 802 leniter
571 740 712 801 atterens
944 761 972 801 so

178 828 313 892 caudam
336 831 369 891 et
390 825 569 892 recedentis
592 825 741 912 trilingui

223 938 277 982 ore
300 917 398 1001 pedes
421 916 594 1001 tetigitque
617 937 718 982 crura.

381 1099 541 1106 ———

426 1218 495 1283 XX.

70 1322 157 1392 Non
180 1327 301 1390 usitata
324 1347 383 1391 nec
406 1327 496 1390 tenui
518 1325 604 1390 ferar

71 1436 187 1500 penna
209 1414 359 1480 biformis
382 1415 623 1499 perliquidum
646 1414 776 1479 aethera

124 1508 216 1570 vates
239 1527 343 1588 neque
366 1504 401 1568 in
424 1504 520 1568 terris
543 1503 696 1569 morabor

170 1593 301 1679 longius
324 1593 510 1679 invidiaque
533 1592 637 1657 maior

77 1718 169 1783 urbis
192 1718 383 1802 relinquam.
428 1739 496 1782 non
518 1739 592 1804 ego,
614 1739 792 1801 pauperum
953 1741 966 1782 c

78 1806 213 1892 sanguis
236 1811 420 1891 parentum,
443 1829 508 1871 non
532 1828 607 1892 ego,
631 1829 727 1891 quem
750 1827 858 1889 vocas,

124 1896 241 1960 dilecte
263 1895 445 1978 Maecenas,
470 1894 567 1960 obibo

167 2006 228 2050 nec
251 1983 365 2071 Stygia
387 1984 564 2050 cohibebor
585 1985 679 2049 unda

79 2111 144 2174 iam
168 2110 233 2173 iam
255 2109 401 2174 residunt
424 2109 570 2174 cruribus
595 2130 724 2194 asperae

78 2199 178 2282 pelles
202 2201 235 2263 et
257 2198 367 2263 album
390 2204 499 2264 mutor
520 2200 555 2262 in
578 2198 688 2262 alitem

123 2309 260 2372 superne
282 2292 521 2372 nascunturque
543 2287 631 2352 leves

167 2398 225 2461 per
248 2377 368 2462 digitos
390 2399 582 2461 umerosque
605 2377 742 2461 plumae.

79 2501 143 2564 iam
167 2501 329 2566 Daedaleo
352 2502 461 2566 notior
482 2500 573 2566 Icaro

78 2590 181 2654 visam
205 2593 364 2675 gementis
387 2591 484 2655 litora
507 2590 646 2674 Bospori

123 2678 292 2764 Syrtisque
317 2679 468 2744 Gaetulas
492 2701 628 2744 canorus

168 2768 233 2832 ales
257 2769 550 2853 Hyperboreosque
573 2790 712 2854 campos.

76 2925 224 2980 Aaou
293 2927 431 2998 (ΜΦ

76 3069 106 3122 te
125 3099 158 3107 —
178 3069 310 3122 decorum
329 3071 362 3124 ob
384 3072 546 3125 senentiam
565 3069 637 3125 Sero.
657 3069 727 3124 Aen.
742 3072 768 3136 4,
788 3071 856 3136 654,
878 3071 906 3122 te
926 3099 961 3109 -

69 3157 77 3192 s
95 3140 159 3193 item
177 3140 246 3194 Aeo.
263 3144 288 3205 3,
303 3144 340 3193 93

74 3211 90 3264 1
101 3210 209 3264 usitata
217 3211 254 3281 Q)
263 3211 301 3284 (ᾧ
311 3212 412 3282 Porpt.
423 3213 557 3282 (metrice),
570 3212 689 3265 uisitata
699 3213 791 3282 Berpk
846 3210 863 3264 3
878 3211 960 3265 terris

69 3283 196 3337 Victoria.
212 3299 243 3350 p.
260 3287 323 3350 180,
343 3286 379 3352 7),
398 3286 474 3338 terra
494 3286 517 3337 Φ
589 3283 608 3337 6
625 3298 711 3336 uocas
729 3283 765 3354 (D
782 3281 821 3354 (ᾧ
838 3283 962 3349 defendit

69 3372 84 3420 ·,
103 3353 203 3407 Rheio.
219 3355 296 3408 Moe.
312 3358 357 3421 37,
374 3359 439 3421 238,
459 3356 564 3408 uocant
581 3356 698 3425 Bentley
771 3354 789 3408 8
808 3353 961 3407 cohibebor

355 3427 492 3553 aaa
509 3426 608 3552 ua
620 3425 733 3568 icc
746 3425 784 3496 a
805 3424 854 3497 a

336 3538 341 3548 ·
412 3538 421 3565 7
481 3538 489 3564 5
