2400 3968
429 289 502 356 VII.

104 414 137 481 Ο
163 438 258 501 saepe
281 439 407 488 meeum
431 420 559 500 tempus
583 416 618 480 in
640 417 792 482 ultimum

105 506 246 570 deducte
268 505 371 573 Bruto
394 505 530 570 militiae
553 505 647 589 duae,
759 546 761 550 »

155 595 230 680 quis
253 599 285 659 te
308 594 476 664 redonavit
500 594 658 672 Quiritem
795 600 801 612 '

202 683 250 748 dis
273 683 388 768 patriis
410 681 559 767 Italoque
582 684 685 770 eaelo,

111 861 259 946 Pompei,
282 882 427 930 meorum
451 861 554 945 prime
578 861 761 927 sodalium?

107 973 184 1017 oum
207 972 272 1034 quo
295 955 476 1016 morantem
499 973 592 1035 saepe
615 952 699 1016 diem
724 973 812 1016 mero

154 1040 252 1126 fregi,
276 1044 447 1106 coronatus
470 1040 605 1104 nitentis

200 1115 404 1196 malobatliro
429 1127 523 1214 Syrio
547 1128 695 1213 capillos,

111 1312 219 1372 teoum
242 1305 414 1391 Philippos
438 1311 471 1371 et
493 1307 628 1372 eelerem
651 1307 763 1393 fugam

111 1396 198 1461 sensi
221 1396 334 1464 relicta
356 1419 423 1462 non
445 1395 527 1460 bene
548 1395 709 1480 parmula,

158 1508 231 1549 oum
253 1485 357 1549 fracta
379 1485 497 1568 virtus,
521 1490 554 1550 et
576 1486 738 1565 minaces

202 1578 298 1658 turpe
321 1574 427 1640 solum
450 1575 587 1660 tetigere
608 1579 733 1661 ment03

112 1752 168 1816 sed
190 1773 243 1817 me
266 1774 324 1836 per
346 1751 452 1817 hostis
475 1751 653 1817 Mercurius
677 1752 761 1817 oeler

112 1841 210 1906 denso
233 1844 405 1925 paventem
429 1840 562 1905 sustulit
584 1864 670 1926 aere,

155 1934 189 1994 te
211 1952 324 1994 rursus
347 1931 382 1994 in
405 1929 527 1994 bellum
549 1932 719 1996 resorbens

200 2019 287 2085 unda
309 2020 403 2084 fretis
427 2019 504 2083 tulit
526 2021 692 2084 aestuosis.
725 2113 727 2118 ἲ

111 2218 188 2282 ergo
213 2197 391 2282 obligatam
414 2196 511 2261 redde
533 2195 605 2263 Iovi
628 2197 743 2282 dapem

111 2285 274 2373 longaque
296 2286 419 2351 fessum
443 2286 562 2350 militia
584 2287 671 2350 latus

157 2375 281 2459 depone
305 2375 364 2439 sub
388 2376 482 2439 lauru
504 2397 576 2440 mea
598 2397 657 2440 nee

201 2486 297 2548 parea
320 2463 408 2528 cadis
431 2463 494 2528 tibi
518 2463 695 2529 destinatis.

71 2639 236 2695 :ABDE
305 2639 442 2712 &Re

71 2779 90 2836 8
114 2784 147 2838 ob
165 2783 237 2854 einp.
253 2780 391 2846 Quiritem
410 2783 512 2852 attepat
529 2784 650 2851 Pompei.
669 2800 782 2853 promen.
804 2782 831 2835 V
846 2787 907 2848 176,
926 2786 978 2850 33,·

65 2854 136 2908 maed.
156 2855 178 2908 I
193 2857 258 2921 327,
277 2857 314 2907 30
337 2854 410 2909 Seru.
425 2854 476 2908 IV
490 2857 554 2919 432,
572 2857 609 2907 24
628 2853 675 2909 Pa.
696 2855 778 2909 Prot.
794 2855 812 2906 1
816 2853 844 2908 V
858 2857 921 2920 195,
939 2857 977 2908 23

86 2925 113 2980 V
126 2929 173 2992 42,
190 2928 229 2979 22
320 2925 337 2978 5
357 2924 473 2994 Pompei
491 2925 528 2995 Θ
545 2924 583 2996 Θ
601 2927 713 2994 Porpt,
731 2932 868 2980 seruatum
886 2933 978 2980 tanuen

65 2997 108 3051 oto
125 2998 157 3049 in
176 2997 205 3052 R
222 2995 340 3065 Pompei
360 3003 385 3051 et
402 2998 433 3050 in
452 2998 480 3050 B
498 2997 596 3051 titulus
614 2997 652 3051 ad
670 2996 838 3065 Pompeium
857 3003 883 3051 et
900 2998 978 3066 apud

75 3068 115 3122 od
137 3083 160 3122 e.
181 3071 217 3122 15
240 3067 419 3136 Pompeium,
443 3074 602 3137 corruptum
620 3066 721 3137 Pompi
741 3067 874 3122 ABDE
891 3070 978 3135 (wude

65 3137 152 3208 ipium
162 3139 238 3205 AD,
258 3139 295 3192 ad
308 3139 447 3208 Pompum
461 3140 512 3207 Ε),
527 3138 651 3207 Pompili
667 3142 690 3192 Φ
708 3139 757 3209 (ad
769 3138 943 3206 Pompilium
954 3142 978 3192 Φ

65 3211 188 3279 rpolotor
214 3212 330 3278 Porpt.)
442 3210 457 3265 2
485 3212 634 3264 coronatus
661 3211 698 3280 (D
719 3209 771 3282 Θ,
800 3212 928 3278 comptus
953 3213 977 3263 Φ

65 3283 100 3335 ta
108 3281 145 3352 (i)
153 3280 204 3354 (ᾧ,
218 3282 254 3347 es.
265 3283 352 3336 Prud.
361 3283 455 3349 periet.
467 3287 492 3349 1,
502 3287 554 3348 49,·
571 3281 645 3336 freta
656 3283 702 3335 Ps.
713 3283 814 3351 Porpt.
861 3279 898 3334 14
913 3297 978 3334 aere

75 3351 114 3406 ab
133 3367 197 3406 aere
219 3356 243 3406 Φ
322 3352 358 3406 17
379 3354 412 3408 ob
431 3369 486 3407 aee.
502 3354 604 3421 dapem
619 3355 706 3407 Prisc.
722 3358 748 3420 7,
767 3356 802 3406 41
817 3370 847 3421 p.
864 3356 977 3420 321,11

73 3423 216 3495 εᾸΑΒΕ]
281 3423 320 3477 19
340 3426 371 3478 ob
390 3424 472 3478 lauru
491 3424 564 3479 Sero.
580 3426 638 3479 bue.
653 3428 680 3490 2,
701 3428 736 3477 54
790 3423 873 3477 lauru
890 3423 978 3498 (ῇρῇ

65 3509 136 3550 auro
154 3511 171 3554 ς
