2386 3974
400 249 448 303 DE
468 249 566 303 ARTE
585 248 748 307 POETIOA.
1018 253 1083 317 317

60 417 162 460 ausus
186 394 284 458 idern:
307 398 434 457 tantum
458 396 555 460 series
579 395 790 480 iuncturaque
812 397 924 480 pollet,

61 490 193 550 tantum
216 484 254 546 de
278 483 383 547 mcdio
408 484 545 568 sumptis
568 485 692 550 accedit
714 485 856 550 honoris.

65 574 156 638 silvis
180 572 309 636 deducti
332 577 465 636 caveant
487 595 539 636 me
562 573 668 638 iudice
690 573 803 658 Fauni,

62 685 105 728 ne
129 662 217 727 velut
240 660 343 725 innati
365 661 471 725 triviis
495 683 531 726 ac
554 684 654 746 paene
677 663 820 728 forenses
883 742 884 745 Ἴ
1044 691 1084 731 aas

63 755 121 816 aut
144 752 281 815 nimium
304 752 423 814 teneris
447 751 638 815 iuvenentur
661 752 808 816 versibus
831 775 984 837 umquam

61 845 121 906 aut
144 840 299 904 inmunda
322 843 453 924 crepent
476 840 755 925 ignominiosaque
779 841 872 906 dicta.

64 930 273 995 offenduntur
296 929 395 1012 enim,
419 929 536 1013 quibus
560 934 609 994 est
633 952 732 1013 equos
756 934 789 994 et
812 935 903 1015 pater
926 936 1030 996 atres

63 1041 133 1104 nec,
157 1018 263 1102 siquid
285 1018 373 1082 fricti
398 1018 509 1082 ciceris
532 1019 650 1102 probat
672 1024 705 1083 et
727 1020 820 1085 nucis
844 1025 980 1105 emptor,

62 1109 176 1192 aequis
201 1107 363 1191 accipiunt
387 1109 503 1172 animis
528 1107 688 1172 donantve
711 1130 838 1174 corona.
1045 1137 1084 1177 asc

63 1197 193 1282 syllaba
215 1198 313 1282 longa
335 1197 424 1260 brevi
444 1195 587 1261 subiecta
610 1201 744 1262 vocatur
765 1198 901 1282 imbue,

63 1309 122 1371 pes
148 1286 243 1350 citus:
266 1287 351 1350 unde
376 1286 473 1349 ctiam
497 1286 652 1351 trimetris
675 1308 854 1353 accrescere
877 1287 972 1351 iussit

63 1397 184 1440 nornen
207 1375 350 1459 iambeis‚
373 1396 446 1439 cum
471 1396 564 1438 senos
587 1376 733 1440 redderet
757 1378 839 1440 ictus

64 1467 189 1549 primus
216 1466 257 1528 ad
285 1468 464 1528 extremum
491 1464 607 1528 similis
635 1465 710 1529 sibi:
738 1487 804 1529 non
829 1466 875 1528 ita
898 1466 1030 1551 pridem,

64 1554 189 1618 tardior
211 1558 249 1619 ut
270 1553 381 1636 paullo
405 1555 745 1639 graviorque'veniret
767 1554 808 1620 ad
831 1555 927 1638 auris,
1045 1583 1084 1624 ros

63 1644 226 1728 spondeos
250 1643 374 1706 stabilis
399 1643 431 1705 in
456 1643 526 1705 iura
549 1648 683 1727 paterna
705 1646 826 1728 recepit

64 1734 254 1798 commodus
278 1736 310 1797 et
333 1731 468 1815 patiens,
490 1754 556 1795 non
579 1737 617 1796 ut
640 1732 678 1796 de
702 1733 776 1798 sede
799 1733 937 1798 secunda

62 1822 193 1887 cederet
216 1823 406 1904 autquarta
430 1821 600 1885 socialiter.
645 1821 699 1885 hic
722 1826 755 1886 et
777 1822 812 1888 in
834 1821 912 1886 Acci

65 1911 230 1976 nobilibus
253 1911 410 1974 trimetris
433 1910 564 1993 adparet
586 1933 679 1975 rarus
703 1915 735 1974 et
757 1911 844 1975 Enni
1170 1984 1173 1989 ¹

64 2002 101 2064 in
125 2022 271 2064 scaenam
294 1999 410 2063 missos
434 2021 507 2063 cum
531 2021 648 2085 magno
672 2000 812 2084 pondere
835 2022 946 2066 versus
1045 2028 1085 2068 acc

64 2094 122 2154 aut
147 2111 261 2172 operae
285 2088 395 2152 celeris
419 2087 556 2152 nimium
580 2111 719 2173 curaque
743 2091 878 2154 carentis

63 2183 124 2243 aut
145 2178 312 2263 ignoratae
334 2177 451 2261 premit
475 2179 551 2241 artis
576 2179 708 2243 crimine
731 2179 826 2262 turpi.

65 2290 133 2332 non
158 2267 263 2351 quivis
286 2267 375 2331 videt
398 2267 598 2330 inmodulata
621 2271 770 2351 poemata
792 2268 889 2334 iudex

63 2361 100 2422 et
123 2356 197 2420 data
220 2355 374 2419 Romanis
398 2356 492 2419 venia
515 2360 564 2420 est
586 2356 720 2441 indigna
743 2357 857 2440 poetis

66 2447 227 2511 idcircone
250 2467 347 2530 vager
370 2445 571 2528 scribamque
594 2445 749 2510 licenter?
772 2468 812 2509 an
837 2447 942 2510 omnis
1046 2473 1085 2513 aar

65 2536 194 2600 visuros
218 2538 348 2619 peccata
370 2538 483 2618 putem
506 2557 586 2617 mea,
609 2539 698 2598 tutus
723 2538 755 2598 ct
778 2536 863 2598 intra

64 2646 158 2708 spem
181 2623 292 2688 veniae
316 2624 450 2687 cautus?
495 2623 596 2686 vitavi
620 2624 757 2707 denique
781 2624 917 2710 culpam,

65 2735 133 2777 non
155 2715 283 2777 laudem
306 2714 413 2777 merui.
460 2734 518 2777 vos
541 2713 735 2798 exemplaria
759 2711 878 2778 Graeca

64 2806 226 2866 nocturna
248 2807 373 2867 versate
395 2825 502 2886 manu,
524 2806 649 2868 versate
671 2802 793 2867 diurna.

139 2979 295 3048 (9:ch
363 2978 500 3050 canc

140 3137 198 3192 aaa
217 3138 295 3192 facti
315 3138 416 3210 (scaea
433 3139 467 3208 c)
486 3140 522 3209 (a
535 3139 573 3210 cp
587 3102 825 3209 (arcadianon
840 3143 918 3195 aaa
972 3139 1031 3195 aco
1049 3155 1085 3193 ue

64 3211 154 3278 (omis.
170 3212 208 3278 B)
226 3212 263 3281 Q
275 3211 325 3283 Q,
345 3227 399 3278 quc
418 3229 461 3270 πς
515 3210 570 3264 251
588 3243 620 3250 -
636 3212 708 3266 citus
727 3213 760 3266 cb
777 3229 833 3266 rem
847 3212 956 3266 Sacerd.
970 3229 1084 3282 prunam.

74 3283 195 3348 V1518,
215 3288 249 3336 15
358 3281 417 3335 253
440 3282 550 3336 Nomen
572 3283 608 3353 Q
630 3283 669 3355 Q
691 3284 802 3353 Porcia,
830 3283 943 3337 Momen
967 3283 1085 3338 Ribbeck

68 3352 127 3406 254
152 3370 206 3406 non
224 3385 260 3393 —
279 3353 337 3406 255
360 3354 467 3422 recepit
490 3355 523 3409 ob
545 3371 602 3407 rem
620 3355 728 3410 Sacerci.
747 3373 861 3426 yramm.
886 3355 930 3408 VI
950 3359 1086 3420 518,18;

64 3425 103 3490 cf.
115 3428 177 3490 526,
191 3429 228 3478 20
247 3432 272 3479 et
285 3426 431 3479 Fortunat.
446 3443 560 3496 prauam.
577 3426 618 3480 VI
634 3430 701 3494 286,
712 3431 747 3481 19
793 3427 851 3480 255
865 3428 985 3495 paterna
998 3426 1034 3496 Q
1047 3425 1085 3497 Θ

64 3495 213 3565 (Suom),
242 3497 351 3550 alterna
369 3497 517 3552 fflottower
606 3497 661 3552 257
682 3514 738 3552 non
759 3529 791 3538 -
811 3496 869 3552 258
891 3497 1034 3551 socialiter
1052 3499 1084 3552 ob

65 3585 124 3620 ‘rem
143 3568 250 3622 Sacerd.
266 3586 378 3639 qramm.
396 3569 513 3635 V1519,
529 3575 552 3623 1.
568 3573 586 3624 6
649 3569 705 3625 251
726 3569 825 3624 celeris
848 3568 967 3623 nimium
984 3570 1021 3639 Θ
1038 3568 1084 3640 Θ,

67 3639 187 3692 nimium
208 3639 305 3694 celeris
324 3657 343 3694 α
