2400 3968
88 197 152 263 120
460 196 569 251 CARM.
584 196 636 250 IIII
656 201 679 250 ³.
700 203 733 250 4.-

220 366 239 410 ο
264 342 435 406 testudinis
459 364 573 406 aureae

266 432 391 496 dulcem
415 453 496 515 quae
520 430 707 515 strepitum,
729 429 830 514 Pieri,
853 434 1007 514 temperas,

221 541 240 584 o
264 520 363 585 mutis
388 541 516 605 quoque
538 519 682 603 piscibus

87 637 113 677 ao
266 611 421 674 donatura
445 609 550 693 cycni,
575 608 740 691 si'libeat,
763 629 893 692 sonum,

220 773 327 834 totum
350 769 491 834 muneris
514 768 576 832 hoc
599 759 648 832 tui
672 772 734 853 est,

267 860 353 942 quod
376 862 539 924 monstror
563 857 666 944 digito
690 857 956 941 praetereuntium

221 947 386 1013 Romanae
408 947 525 1011 fidicen
547 946 649 1031 lyrae:

267 1037 354 1120 quod
377 1037 464 1120 spiro
489 1040 521 1100 et
542 1036 669 1121 placeo,
693 1035 721 1099 si
743 1035 870 1120 placeo,
892 1039 968 1098 tuom
984 1027 1019 1090 sl·
1057 1112 1059 1119 Ι

560 1336 634 1402 IIII.

163 1462 177 1509 s
224 1446 359 1524 Qualem
382 1446 567 1510 ministrum
590 1444 737 1508 fulminis
762 1444 886 1530 alitem,

223 1536 276 1601 cui
298 1557 355 1600 rex
378 1536 510 1599 deorum
534 1556 668 1620 regnum
693 1534 726 1597 in
750 1534 818 1598 avis
842 1554 934 1618 vagas

267 1625 415 1709 permisit
438 1627 588 1708 expertus
612 1623 738 1688 fidelem

312 1712 459 1798 Iuppiter
481 1713 515 1776 in
540 1711 724 1797 Ganymede
747 1712 847 1796 flavo,

105 1903 115 1942 ⁵
225 1875 304 1939 olim
327 1875 473 1938 iuventas
498 1877 529 1937 et
551 1873 676 1956 patrius
699 1872 794 1957 vigor

224 1964 301 2027 nido
324 1963 472 2036 laborum
496 1961 633 2046 protulit
656 1961 794 2025 inscium

268 2052 423 2137 vernique
445 2052 510 2115 iam
533 2051 652 2115 nimbis
676 2051 810 2115 remotis

314 2142 462 2206 insolitos
486 2142 623 2205 docuere
645 2141 735 2204 nisus

227 2302 315 2367 venti
337 2305 521 2386 paventem,
544 2323 621 2365 mox
645 2300 679 2362 in
703 2298 801 2364 ovilia

94 2419 119 2460 1o
227 2392 356 2456 demisit
378 2391 506 2455 hostem
529 2389 655 2453 vividus
679 2390 833 2473 impetus,

270 2503 356 2546 nunc
378 2480 412 2543 in
435 2479 625 2545 reluctantis
650 2478 802 2543 dracones

316 2570 383 2655 egit
406 2592 497 2633 amor
521 2568 611 2651 dapis
635 2571 732 2651 atque
754 2589 895 2654 pugnae3

228 2731 395 2814 qualemve
417 2729 511 2793 laetis
535 2750 650 2812 caprea
672 2728 799 2812 pascuis

228 2821 352 2883 intenta
375 2818 483 2883 fulvae
505 2818 620 2882 matris
643 2818 684 2881 ab
706 2816 804 2881 ubere

95 2935 119 2975 11
272 2910 337 2972 iam
360 2908 443 2973 laete
467 2906 637 2990 depulsum
661 2907 786 2970 leonem

318 2998 411 3062 dente
434 3019 518 3061 novo
542 2996 687 3080 peritura
709 2996 804 3060 vidit:

166 3156 292 3226 &³210
360 3154 496 3227 uano

168 3297 204 3351 18
224 3301 256 3353 ob
275 3315 330 3353 coc.
350 3297 425 3350 Pieri
445 3297 517 3352 Sero.
538 3298 596 3352 oue,
618 3302 642 3361 1,
662 3299 697 3350 36

52 3386 54 3389 ’
167 3368 229 3441 4,1
251 3369 438 3440 [ΘιΑΒΟ]
513 3368 582 3422 lob
602 3366 661 3421 ales
679 3384 759 3421 mnaso.
776 3367 931 3435 Porph.ad
948 3368 1024 3436 epod.
1037 3368 1059 3421 11

96 3441 114 3494 6
132 3441 252 3509 protulit
270 3441 306 3511 Q)
323 3440 373 3513 (ᾧ,
396 3438 523 3508 propulit
542 3441 621 3493 dall
695 3439 709 3491 1
729 3437 872 3506 Vernique
890 3439 940 3510 (i),
958 3437 1059 3494 Vernis

96 3513 146 3581 (R1
161 3514 282 3581 euanuit)
301 3512 340 3585 (ᾧ
357 3513 436 3566 solsol.
451 3512 479 3565 A
490 3511 515 3562 V
569 3511 616 3564 11.
633 3509 669 3562 1⁸2
688 3512 720 3565 ob
740 3509 822 3578 dapis
841 3511 924 3576 affert
937 3511 1026 3567 Prisc.
1039 3516 1059 3577 7,
