2400 3968
87 152 153 216 290
495 149 606 205 EPIST.
624 151 651 205 Π
670 158 694 205 1.

142 296 198 360 scd
220 301 296 359 tuos
318 296 372 360 hio
394 296 535 379 populus
558 297 686 379 sapiens
710 300 744 360 et
766 297 873 362 iustus
896 298 931 361 in
952 319 1013 361 uno

141 391 173 449 te
196 385 317 450 nostris
341 385 485 469 ducibuS,
508 389 541 448 te
564 383 657 448 Grais
681 385 890 451 anteferendo

101 501 128 539 20
142 478 248 538 cetera
270 496 474 558 nequaquam
498 473 597 538 simili
619 474 745 538 ratione
768 475 931 558 modoque

142 565 291 627 aestimat
314 567 359 647 et,
381 563 446 626 nisi
470 584 551 647 quae
574 563 670 626 terris
694 567 818 628 semota
841 566 972 648 suisque

142 652 341 736 temporibus
366 652 516 716 defuncta
538 652 635 736 videt,
657 652 783 716 fastidit
807 657 840 716 et
864 653 949 738 odit,

143 743 189 806 sic
211 742 321 805 fautor
342 745 498 824 veterum,
520 745 558 804 ut
580 741 708 805 tabulas
731 763 866 825 peccaro
889 743 1038 825 vetantis,
1136 786 1138 819 r

144 853 223 914 quas
245 830 297 894 bis
321 830 464 914 quinque
487 831 550 894 viri
573 834 758 914 sanxerunt,
780 831 920 896 foedera.
936 853 1043 918 regum
1136 856 1138 883 ¹

103 946 129 986 11
143 921 195 984 vel
218 918 331 983 Gabiis
354 919 406 983 vel
431 941 504 982 oum
526 918 642 1005 rigidis
665 923 802 1003 aequata
827 917 973 1004 Sabinis,
1136 918 1138 969 Ι

143 1008 334 1093 pontificum
358 1008 469 1091 libros,
492 1029 614 1072 annosa
636 1009 802 1073 volumina
824 1014 940 1074 vatum
1136 1024 1138 1029 '

146 1099 272 1162 dictitet
294 1095 422 1160 Albano
446 1095 556 1160 Musas
580 1098 614 1160 in
636 1100 746 1162 monte
769 1099 906 1164 locutas.

145 1189 186 1271 si,
210 1187 286 1270 quia
310 1183 479 1249 Graiorum
503 1189 579 1250 sunt
603 1186 828 1270 antiquissima
851 1209 1000 1272 quaeque

146 1277 266 1359 scripta
289 1277 341 1339 vel
365 1276 502 1358 optima,
525 1273 664 1338 Romani
686 1281 864 1358 pensantur
889 1277 1002 1341 eadem

105 1366 320 1448 ascriptores
344 1364 480 1447 trutina,
503 1385 570 1427 non
593 1367 642 1428 est
665 1365 752 1447 quod
775 1365 881 1429 multa
904 1366 1078 1450 loquamur:
1136 1374 1138 1385 '

144 1456 192 1518 nil
214 1455 301 1517 intra
325 1457 375 1517 est
398 1452 481 1536 olea,
504 1452 552 1516 nil
575 1457 665 1516 extra
688 1453 794 1518 estin
815 1475 900 1518 nuce
924 1455 1011 1541 duri;

145 1545 292 1609 venimus
315 1542 356 1607 ad
379 1564 542 1606 summum
564 1542 728 1625 fortunae,
749 1543 917 1627 pingimus
941 1548 1038 1628 atque
1113 1621 1116 1627 ὁ

145 1632 314 1717 psallimus
338 1635 371 1696 et
393 1631 554 1695 luctamur
577 1630 711 1695 Achivis
735 1631 862 1696 doctius
886 1635 1004 1698 unctis.

146 1723 173 1785 si
197 1722 331 1785 meliora
355 1721 436 1805 dies,
460 1725 496 1784 ut
518 1721 608 1803 vina,
629 1723 779 1804 poemata
800 1721 922 1804 reddit,

104 1838 130 1878 as
146 1812 226 1875 scire
256 1811 367 1894 velim,
396 1809 517 1874 chartis
540 1810 679 1893 pretium
705 1814 824 1893 quotus
848 1815 980 1896 arroget
1003 1832 1096 1876 annus.

149 1900 287 1983 scriptor
310 1898 427 1963 abhinc
450 1921 551 1962 annos
575 1903 704 1963 centum
728 1900 784 1983 qui
807 1899 942 1985 decidit,
967 1902 1050 1966 inter

148 1992 307 2072 perfectos
330 1992 517 2072 veteresque
541 1988 653 2053 referri
677 1988 771 2053 debet
793 2011 835 2053 an
858 1990 945 2055 inter

147 2078 221 2142 vilis
245 2081 341 2160 atque
364 2078 487 2141 novos?
511 2077 658 2142 excludat
680 2078 786 2164 iurgia
808 2078 892 2141 finis.

148 2168 208 2231 ‘est
230 2169 324 2230 vetus
348 2170 443 2249 atque
467 2166 596 2249 probus,
620 2170 749 2231 centum
769 2167 824 2250 qui
843 2167 973 2250 perficit
992 2167 1100 2233 annos?

107 2284 133 2322 ro
149 2255 250 2340 quid?
274 2257 330 2339 qui
354 2256 490 2338 deperiit
512 2257 619 2320 minor
642 2277 706 2320 uno
730 2278 839 2320 mense
862 2258 916 2320 vel
940 2279 1039 2343 anno,

149 2348 233 2409 inter
258 2366 340 2427 quos
363 2343 548 2408 referendus
572 2344 654 2408 crit?
678 2348 841 2408 veteresne
864 2350 982 2428 poetas

150 2458 191 2498 an
214 2454 295 2517 quos
319 2436 351 2497 et
373 2455 525 2518 praesens
549 2437 581 2496 et
603 2437 733 2517 postera
757 2437 888 2517 respuat
911 2439 1023 2502 aetas?

149 2525 222 2587 ‘iste
246 2522 374 2606 quidem
399 2525 523 2587 veteres
546 2523 791 2606 interponetur
813 2523 963 2608 honeste,

149 2614 205 2697 qui
227 2613 279 2676 vel
302 2634 411 2676 mense
434 2611 523 2675 brevi
547 2611 598 2675 vel
620 2615 691 2676 toto
714 2615 764 2675 cst
786 2612 894 2676 iunior
918 2617 1027 2678 anno'

167 2807 291 2877 &aa
361 2806 496 2877 1111

169 2966 206 3020 18
224 2966 272 3018 hic
285 2967 322 3037 Q
369 3010 375 3033 ‚
393 2966 447 3018 hoc
462 2982 486 3029 ς,
506 2966 607 3033 Porpb.
619 2982 718 3033 anceps
783 2966 819 3020 27
835 2965 956 3021 Diotitet
972 2969 1067 3037 (Doct-
1077 2971 1110 3036 E,

97 3038 173 3092 Dicit
192 3040 221 3091 et
240 3039 304 3105 Ru)
381 3037 431 3109 Q,
454 3036 538 3090 Dicat
557 3039 586 3090 et
603 3038 667 3091 Fac
738 3037 776 3092 28
800 3038 944 3108 graiorum
962 3041 995 3094 E
1003 3042 1112 3106 Biana,

96 3113 145 3166 boc
168 3117 206 3164 est
223 3110 259 3180 Q
277 3109 327 3181 Q,
355 3123 520 3178 graecorum
543 3110 625 3163 αΒΦ
697 3108 734 3162 31
760 3109 822 3163 olea
841 3127 870 3177 ς,
899 3110 994 3164 oleam
1012 3114 1049 3183 Q
1065 3113 1110 3184 Q,

98 3183 199 3250 Porpb.
224 3198 323 3250 anceps
395 3178 433 3233 33
461 3182 492 3234 ob
520 3179 669 3248 psallimus
693 3182 811 3251 Eutycb.
831 3199 944 3250 pronam.
970 3183 1000 3238 V
1016 3189 1109 3251 478,1

98 3255 237 3307 luctamur
250 3253 286 3323 Q
302 3258 345 3318 Q,
364 3250 500 3304 saltamus
515 3252 655 3321 (Eutycb.)
670 3268 703 3305 ea
720 3253 776 3305 loco
790 3252 906 3307 Sallusti
919 3255 968 3322 qui
982 3256 1113 3310 antecedit

136 3324 246 3378 doct-ius
260 3324 296 3394 Q
312 3328 355 3390 Q,
370 3322 542 3375 dictionibus
557 3323 686 3392 (Eutycb.
702 3324 759 3377 cod.
770 3325 839 3378 Bob.
845 3323 873 3392 1),
887 3323 971 3378 citius
987 3327 1111 3397 (Eutyclc.

99 3399 156 3452 cod.
172 3396 382 3463 11111111),
402 3395 474 3448 cade
489 3394 586 3447 scitius
603 3411 619 3452 ς
656 3393 692 3447 37
709 3411 764 3462 que
777 3395 821 3465 Θ,
840 3411 876 3448 ne
889 3395 927 3467 Q
963 3394 1001 3451 41
1018 3402 1112 3467 poetas

98 3470 134 3538 Q
151 3469 200 3541 Θ,
220 3468 378 3536 probosque
398 3467 513 3536 Bentley
571 3464 608 3518 42
627 3468 744 3535 respuat
761 3467 798 3536 Q
814 3466 852 3538 Q
871 3468 986 3534 Bluad„
1004 3471 1114 3540 respuet
