2400 3968
96 218 162 283 268
479 217 590 271 uersu.
608 216 630 271 r
650 222 674 270 o.
695 222 736 270 10.

153 364 285 448 dignum
309 367 417 426 mente
440 362 600 446 domoque
623 361 760 448 legentis
783 362 922 427 honesta
942 361 1082 447 Neronis,

123 473 281 518 smunere
304 474 377 515 oum
400 452 494 537 fungi
516 451 679 535 propioris
702 455 811 515 censet
833 451 945 515 amici:

150 541 228 624 quid
250 542 373 625 possim
395 541 484 605 videl
506 562 543 604 ac
565 542 658 605 novit
680 561 732 603 me
754 539 882 604 valdius
904 541 986 624 ipso.

149 630 252 694 multa
276 630 405 713 quidem
429 630 508 712 dixi,
532 651 590 694 cur
611 632 783 694 excusabus
806 629 944 712 abirem,

150 720 206 783 sed
228 720 337 801 bimui,
361 741 431 782 mea
453 741 493 782 ne
516 718 648 782 finxisse
671 720 797 783 minora
819 722 968 802 putarer,

149 808 371 873 dissimulator
394 807 465 891 opis
488 809 651 890 propriae,
674 807 756 871 mihi
779 808 972 872 commodus
994 808 1054 872 uni.

110 925 135 963 10
149 898 195 961 sio
219 919 293 982 ego,
317 897 449 962 maioris
472 896 601 982 fugiens
624 895 800 980 opprobria
821 897 954 981 culpae,

147 987 264 1050 frontis
287 986 328 1048 ad
351 985 491 1050 urbanae
514 985 664 1050 descendi
685 987 837 1069 praemia.
885 987 1002 1068 quodsi

148 1075 331 1158 depositum
353 1075 465 1139 laudas
489 1073 531 1139 ob
554 1075 651 1139 amici
672 1074 761 1138 iussa
782 1074 957 1160 pudorem,

148 1164 251 1229 scribe
274 1165 323 1227 bui
346 1165 453 1249 gregis
476 1164 564 1227 hunc
587 1167 619 1227 eb
641 1164 760 1228 fortem
783 1163 877 1229 crede
899 1164 1088 1248 bonumque.

525 1325 685 1332 .-..-—-—.-

583 1447 622 1510 X.

146 1554 245 1618 Vrbis
269 1558 445 1618 amatorem
468 1554 608 1618 Fuscum
633 1554 755 1618 salvere
778 1554 929 1619 iubemus

146 1644 229 1707 ruris
253 1647 426 1725 amatores,
448 1642 509 1706 hac
531 1643 565 1706 in
588 1664 622 1707 re
646 1642 769 1707 scilieet
791 1666 855 1706 una

146 1735 285 1796 multum
309 1731 494 1814 dissimiles,
518 1735 551 1795 ab
575 1736 680 1795 cetera
702 1754 804 1816 paene
827 1733 961 1818 gemelli

145 1822 296 1884 fraternis
321 1822 449 1885 animis:
473 1820 631 1904 quidquid
653 1825 751 1906 negat
774 1821 869 1905 alter,
893 1826 927 1886 eb
951 1823 1048 1907 alter,

120 1910 317 1976 sadnuimus
340 1911 470 1993 pariter.
515 1911 617 1974 vetuli
638 1911 774 1994 notique
796 1910 942 1976 columbi

145 2003 182 2063 tu
205 2000 317 2063 nidum
341 1996 463 2082 servas,
486 2019 546 2083 ego
569 1999 666 2063 laudo
689 2000 774 2063 ruris
797 2001 928 2064 amoeni

144 2090 232 2152 rivos
257 2092 289 2151 eb
312 2109 423 2151 musco
448 2087 628 2152 circumlita
652 2110 728 2152 saxa
751 2111 939 2173 nemusque.

147 2178 224 2260 quid
249 2177 396 2260 quaeris?
442 2178 515 2240 vivo
540 2180 573 2239 et
595 2198 708 2261 regne,
733 2178 830 2241 simul
852 2179 917 2243 ista
941 2179 1073 2265 reliqui,

144 2288 224 2350 quae
247 2287 305 2329 vos
329 2265 369 2328 ad
392 2266 515 2329 caelum
538 2265 631 2329 fertis
654 2288 782 2331 rumore
806 2268 963 2348 secunde,

104 2383 130 2421 ιο
144 2360 245 2439 utque
268 2354 442 2418 sacerdotis
465 2354 622 2440 fugitivos
645 2355 711 2419 liba
734 2377 862 2420 recuso:

143 2465 226 2528 pane
249 2465 328 2528 egeo
352 2444 415 2507 iam
439 2442 572 2506 mellitis
595 2445 723 2526 potiore
745 2444 911 2527 placentis.

143 2534 251 2596 vivere
274 2537 406 2596 naturae
430 2532 458 2594 si
482 2534 709 2596 convenienter
732 2537 861 2617 oportet

143 2622 373 2705 ponendaeque
396 2621 491 2685 domo
517 2622 697 2703 quaerenda
720 2626 769 2686 est
792 2644 866 2687 area
889 2624 1051 2706 primum:

142 2711 303 2774 novistine
326 2712 434 2774 locum
457 2710 617 2793 potiorem
640 2733 714 2773 rure
738 2711 856 2775 beabo?

103 2826 128 2865 15
144 2804 194 2863 est
216 2799 273 2863 ubi
296 2799 370 2882 plus
393 2802 524 2882 tepeant
546 2799 683 2884 hiemes,
706 2800 763 2863 ubi
785 2801 910 2885 gratior
935 2824 1017 2867 aura

162 2957 297 3027 (mun
366 2955 502 3027 mnu

161 3099 191 3170 o,
212 3099 229 3151 6
249 3115 282 3152 ac
301 3098 382 3150 nouit
400 3099 431 3150 Ε
441 3098 519 3151 Goth.
536 3114 565 3162 ς,
586 3098 704 3167 agnouit
717 3098 790 3169 AQ
861 3099 978 3154 ualdius
999 3107 1112 3158 lectatur

85 3172 165 3226 rebel.
180 3175 207 3224 Γ
224 3171 261 3224 ad
280 3177 331 3223 art.
347 3173 400 3222 321
474 3169 492 3223 8
510 3186 546 3222 ne
564 3170 601 3239 Q
618 3169 664 3240 Q,
683 3187 739 3223 non
758 3171 799 3224 Fr

159 3242 210 3311 10,
226 3241 242 3295 1
264 3241 373 3294 saluere
387 3241 423 3310 Q
432 3240 478 3312 Q,
499 3240 610 3293 seluare
624 3242 674 3298 Ᾰς
730 3240 748 3295 3
767 3243 798 3294 ab
811 3241 895 3312 QQ
909 3244 938 3310 (i.
951 3244 1113 3314 EBlaadb

88 3313 125 3366 ad
144 3314 235 3367 ΑΒΦ
308 3312 325 3365 5
345 3311 436 3365 ueruli
454 3312 570 3378 nobique
590 3311 715 3365 columbi
733 3313 769 3382 Q
782 3312 832 3384 Q,
857 3313 964 3367 nebulis
983 3315 1112 3384 nobisque

88 3384 227 3437 columbis
256 3382 376 3437 uland!
398 3388 431 3436 ut
451 3384 560 3436 videtur·
650 3382 668 3435 o
696 3382 777 3438 fertis
800 3385 837 3454 Q
854 3383 893 3455 Q
916 3386 963 3454 (cf.
989 3402 1074 3441 carm.
1089 3391 1114 3452 3,

87 3458 179 3523 23,1),
194 3453 300 3508 effertis
311 3454 442 3511 Blande
456 3454 568 3522 eylossa
629 3452 665 3507 12
681 3455 705 3506 si
719 3454 808 3578 Qfiry,
822 3455 896 3508 εἰοΦ
953 3456 991 3511 13
1006 3457 1113 3512 Ponen-

87 3525 197 3592 daeque
216 3525 252 3594 Q
267 3524 305 3596 Q
321 3525 402 3579 schol.
419 3527 446 3576 Γ
452 3523 478 3576 V
489 3541 519 3592 p.
534 3529 598 3591 243,
611 3528 639 3591 2,
667 3524 763 3579 Ponen
785 3542 857 3594 aque
873 3527 970 3582 ‘codic
986 3529 1114 3595 Blaod’,

86 3613 144 3650 uon
162 3596 360 3650 valentissimus
