2400 3968
133 238 198 302 298
542 235 653 291 EPIST.
671 236 699 290 H
717 243 741 290 1.

186 384 281 448 fortis
303 381 480 447 Alexandri
503 381 629 447 voltum
653 381 848 446 simulantia.
896 380 1014 464 quodsi

187 473 342 536 iudicium
366 471 485 536 subtile
508 470 654 535 videndis
676 471 800 536 artibus
824 469 905 534 illud

188 561 228 625 ad
250 561 352 625 libros
376 565 407 625 et
430 561 470 623 ad
493 561 573 625 haec
595 560 762 624 Musarum
787 560 871 624 dona
894 580 1037 638 vocares,

188 650 347 715 Boeotum
370 650 405 714 in
428 671 535 714 crasso
559 651 680 714 iurares
703 671 775 714 aere
798 652 920 712 natum

134 766 174 806 aa
189 744 222 803 at
244 761 348 822 neque
372 738 564 803 dedecorant
587 742 644 804 trra
667 739 706 803 de
729 760 764 803 se
786 736 907 801 iudicia
931 742 1030 820 atque

189 851 330 911 munera,
353 851 435 911 quae
458 828 561 891 multa
584 828 691 892 dantis
714 849 787 892 cum
808 827 905 891 laude
929 827 1075 901 tulerunt

190 917 299 981 dilecti
322 917 383 980 tibi
407 915 572 1001 Vergilius
595 915 780 1000 Variusque
802 918 928 1000 poetae,

188 1029 247 1070 nec
269 1007 373 1092 magis
396 1006 540 1088 expressi
562 1008 670 1070 voltus
693 1028 751 1090 per
774 1025 871 1069 aenea
895 1005 991 1088 signa

189 1118 285 1179 quam
308 1117 366 1179 per
388 1095 473 1158 vatis
497 1117 578 1178 opus
601 1117 706 1160 mores
730 1095 893 1177 animique
915 1094 1062 1157 virorum

135 1211 176 1251 aso
190 1186 349 1249 clarorum
374 1183 536 1266 adparent.
581 1206 641 1249 nec
665 1204 828 1248 sermones
851 1203 912 1268 ego
936 1181 1070 1246 mallem

189 1273 331 1356 repentis
354 1295 412 1356 per
435 1272 569 1336 humum
594 1294 690 1355 quam
714 1294 765 1336 res
789 1292 974 1355 conponere
998 1274 1103 1356 gestas

188 1369 409 1445 terrarumque
433 1362 515 1426 situs
538 1365 571 1425 et
593 1361 728 1425 flumina
751 1361 856 1425 dicere
880 1364 913 1424 et
937 1381 1030 1424 eroes

189 1451 353 1515 montibus
375 1452 534 1534 inpositas
558 1454 590 1514 et
612 1450 748 1514 barbara
770 1471 870 1534 regua
892 1449 1027 1533 tuisque

189 1540 340 1623 auspiciis
364 1545 469 1604 totum
494 1540 640 1604 confecta
658 1539 770 1603 'duella
793 1561 852 1622 per
875 1538 989 1602 orbem

135 1655 174 1695 aas
190 1629 391 1712 claustraque
416 1629 581 1693 custodem
604 1629 692 1712 pacis
716 1627 900 1692 cohibentia
922 1625 1041 1691 Ianum

190 1723 222 1782 et
244 1718 451 1782 formidatam
473 1717 604 1782 Parthis
628 1721 662 1782 te
683 1717 829 1802 principe
851 1715 1004 1799 Romam,

190 1808 218 1871 si
229 1812 384 1890 quantum
396 1829 545 1891 cuperem
554 1828 683 1891 possem
694 1825 836 1890 quoque3
848 1806 903 1870 sed
912 1826 1020 1889 neque
1029 1824 1145 1886 parvom

190 1917 318 1961 carmen
341 1897 490 1960 maiestas
514 1897 629 1979 recipit
652 1899 708 1960 tua
730 1917 790 1960 nec
812 1917 903 1959 meus
927 1893 1027 1959 audet

190 2007 259 2050 rem
283 1988 440 2069 temptare
463 1984 568 2069 pudor
591 2007 688 2069 quam
711 1985 795 2048 vires
819 1984 903 2047 ferre
925 1987 1085 2049 recusent.

136 2101 176 2140 aso
190 2074 344 2139 sedulitas
368 2077 475 2138 autem
500 2075 598 2137 stulte
622 2096 718 2157 quem
742 2072 849 2159 diligit
871 2075 976 2159 urget,

190 2163 360 2248 praecipue
384 2185 456 2226 cum
481 2185 513 2226 se
536 2165 678 2227 numeris
703 2162 905 2228 commendat
928 2165 962 2225 et
986 2165 1066 2226 arte.

191 2254 287 2318 discit
310 2252 396 2315 enim
416 2253 510 2317 citius
536 2252 745 2336 meminitque
767 2250 922 2314 libentius
947 2250 1031 2314 illud

192 2343 277 2426 quod
306 2342 378 2425 quis
404 2341 528 2405 deridet
552 2364 647 2425 quam
673 2340 760 2425 quod
783 2340 900 2423 probat
923 2344 957 2405 et
980 2342 1152 2404 veneratur.

189 2431 237 2494 nil
265 2453 374 2494 moror
402 2430 545 2495 officium
568 2430 655 2513 quod
679 2453 731 2495 me
755 2433 868 2515 gravat
891 2449 928 2492 ac
951 2450 1060 2512 neque
1083 2429 1153 2491 ficto

138 2547 177 2586 aee
193 2522 226 2584 in
250 2521 341 2604 peius
364 2519 456 2584 voltu
478 2519 617 2603 proponi
641 2540 751 2583 cereus
773 2539 911 2601 usquam

191 2631 249 2673 nec
271 2631 370 2692 prave
393 2608 488 2673 factis
512 2609 655 2672 decorari
679 2608 825 2671 versibus
849 2610 937 2690 opto,

191 2720 231 2761 ne
255 2697 387 2761 rubeam
411 2699 526 2782 pingui
550 2698 687 2761 donatus
711 2718 842 2760 munere
865 2699 898 2759 et
921 2716 987 2757 una

193 2808 265 2850 cum
290 2786 446 2869 scriptore
470 2809 541 2850 meo
566 2808 661 2869 capsa
684 2789 853 2869 porrectus
877 2788 991 2866 operta

193 2876 316 2940 deferar
339 2876 372 2938 in
396 2876 503 2940 vicum
526 2875 717 2939 vendentem
740 2879 793 2938 tus
817 2876 849 2937 et
872 2873 989 2953 odores

138 2993 178 3032 aro
192 2969 224 3029 et
246 2966 339 3049 piper
363 2969 395 3028 et
418 2965 576 3048 quidquid
599 2964 719 3029 chartis
743 2963 893 3027 amicitur
917 2962 1048 3046 ineptis.

210 3125 333 3194 &aa
402 3121 540 3193 aaran

211 3263 268 3318 244
282 3267 420 3319 Boeotum
439 3267 566 3333 aPorpa.
581 3266 610 3336 (i.
625 3266 765 3334 ratolf),
784 3264 903 3318 Boetum
917 3263 949 3316 E
1030 3261 1089 3316 251
1104 3263 1158 3316 eine

141 3341 261 3392 rummare
280 3338 401 3404 cecropio
421 3337 507 3390 Votic.
522 3340 580 3390 236
651 3336 709 3390 aaa
728 3334 821 3389 Discit
838 3335 874 3405 (D
891 3333 942 3405 ᾧ),
988 3333 1063 3387 iacet
1081 3330 1158 3402 (13¹2)

140 3409 244 3464 Blood.
282 3407 339 3461 270
354 3409 413 3462 sirie
428 3409 549 3461 lemniae
563 3410 685 3477 exemplo
700 3409 853 3462 Vaticaer
892 3421 1000 3458 cerauni
1018 3406 1052 3459 ia
1070 3403 1159 3474 epodis

139 3482 179 3535 sic
202 3481 382 3545 transformat
404 3480 537 3533 Heiricas
555 3481 624 3533 PM
627 3481 655 3533 A
673 3480 729 3532 ΙΙΙ
745 3496 775 3547 p.
792 3481 853 3543 437,
873 3480 906 3530 51
930 3475 1070 3544 piperve!
1091 3477 1120 3529 et
1137 3473 1159 3527 si

142 3552 211 3618 quid
230 3550 335 3604 chartis
354 3549 487 3604 amicitur
503 3553 506 3619 Ι
523 3549 632 3621 ignavis
691 3549 796 3619 ineptis
814 3549 850 3619 (D
862 3546 913 3619 di),
933 3547 1009 3615 aptis
1030 3547 1158 3617 (coenata

146 3624 256 3690 Vatia),
277 3621 412 3688 inemptis
433 3642 447 3684 ς
779 3631 780 3636 ’

567 3733 727 3740 -—-—---
