2400 3968
143 234 207 299 196
559 234 664 289 SERM.
684 235 739 289 16.
761 238 765 247 “

142 401 238 445 causa
260 380 324 445 fuit
346 384 436 464 pater
458 379 523 459 his,
548 382 604 465 qui
628 403 735 447 mecro
758 403 883 465 pauper
906 380 1000 468 agello

141 468 246 533 noluit
269 470 303 533 in
326 469 417 535 Flavi
440 469 553 535 ludum
576 493 627 535 me
650 471 794 554 mittere,
817 472 928 557 magni

142 580 206 643 quo
230 558 321 643 pueri
345 560 471 645 magnis
495 582 512 624 e
536 559 777 625 centurionibus
801 560 879 645 orti,
958 580 967 603 ⁸

140 647 232 712 laevo
257 650 403 731 suspensi
425 650 550 713 loculos
573 649 782 734 tabulamque
804 651 941 734 lacerto,

102 761 127 805 rs
141 737 233 801 ibant
256 742 390 803 octonos
413 737 586 803 referentes
611 739 717 804 idibus
741 738 839 823 coris,

142 825 198 890 sed
219 848 355 909 puerum
379 830 429 891 est
452 849 548 892 ausus
572 827 710 892 Romam
732 831 863 912 portare
887 826 1049 893 docendum

142 917 234 999 artis,
258 939 336 1000 quas
361 917 475 982 doceat
498 917 604 999 quivis
628 938 724 1001 eques
749 920 845 1000 etque
870 920 998 982 senator

142 1008 243 1070 semet
266 1009 452 1092 prognatos.
498 1011 619 1071 vestem
643 1027 816 1089 servosque
839 1006 1013 1091 sequentis,

141 1095 175 1158 in
199 1117 316 1181 magno
340 1099 377 1159 ut
399 1095 535 1180 populo,
559 1096 643 1180 siqui
666 1096 813 1179 vidisset,
835 1095 924 1160 avita

100 1210 127 1250 so
141 1206 181 1247 ex
203 1207 237 1248 re
260 1184 406 1268 praeberi
429 1189 577 1268 sumptus
601 1185 681 1249 mihi
705 1185 847 1250 crederet
870 1185 954 1251 illos.

141 1274 210 1357 ipse
232 1274 314 1337 mihi
338 1278 446 1339 custos
470 1273 769 1358 incorruptissimus
793 1275 899 1338 omnis

142 1364 262 1428 circum
287 1362 432 1427 doctores
457 1363 574 1428 aderat.
621 1363 698 1447 quid
721 1362 846 1427 multe?
893 1363 1054 1447 pudicum,

142 1452 197 1535 qui
220 1453 343 1535 primus
368 1453 497 1516 virtutis
521 1453 639 1537 honos,
663 1453 802 1517 servavit
825 1453 865 1518 ab
891 1453 981 1518 omni

140 1543 334 1605 noneolum
358 1541 588 1624 facturorum
613 1543 788 1626 opprobrio
813 1564 942 1626 quoque
967 1540 1051 1625 turpi

100 1654 126 1695 ss
141 1651 199 1693 nec
222 1629 331 1693 timuit
355 1628 416 1694 sibi
440 1632 584 1694 novitio
609 1633 681 1715 quis
705 1635 856 1715 verteret,
880 1632 960 1696 olim

141 1718 168 1781 si
191 1739 306 1801 praeco
330 1740 444 1801 parvas
468 1724 538 1805 aut,
562 1723 598 1785 ut
621 1721 685 1785 fuit
708 1721 791 1805 ipse,
815 1724 947 1786 coactor

140 1807 301 1872 mercedes
321 1829 482 1894 sequere13
500 1831 605 1892 noque
623 1831 684 1896 ego
704 1830 807 1874 essem
827 1813 969 1893 questus.
1000 1810 1034 1873 st
1046 1807 1103 1873 hoc
1111 1826 1140 1869 11

139 1897 210 1960 laus
234 1896 283 1960 illi
307 1897 441 1962 debetur
464 1902 496 1962 et
518 1921 537 1963 c
560 1921 611 1962 me
635 1899 739 1985 gretia
761 1898 873 1963 maior.

141 1985 188 2049 nil
212 2008 263 2052 me
286 1986 449 2070 paeniteat
473 2010 587 2051 sanum
609 1989 711 2071 petris
734 1988 845 2072 huius,
868 2008 973 2072 eoque

100 2102 126 2141 eo
140 2097 219 2158 non,
248 2079 284 2139 ut
313 2097 430 2161 magna
458 2076 532 2140 dolo
562 2077 684 2141 factum
711 2080 809 2163 negat
837 2099 908 2143 esse
934 2098 994 2142 suo
1015 2097 1100 2160 pars,

140 2164 226 2248 quod
249 2187 316 2229 non
340 2165 499 2252 ingenuos
521 2165 639 2231 hebeat
662 2169 829 2249 clerosque
852 2170 1015 2250 parentes,

140 2255 186 2318 sic
209 2276 260 2318 mc
284 2253 460 2319 defendam.
506 2255 603 2341 longe
626 2278 698 2320 mea
721 2254 881 2339 discrepet
903 2256 976 2320 istis

140 2346 173 2407 ct
195 2365 259 2408 vox
282 2347 315 2408 et
337 2344 436 2409 ratio:
459 2367 535 2408 nam
559 2345 586 2408 si
609 2349 725 2408 natura
748 2343 873 2410 iuberet

140 2437 276 2497 coortis
301 2433 393 2498 annis
416 2456 529 2499 aevom
552 2456 692 2498 remeare
715 2437 882 2517 peractum

98 2546 124 2588 ss
139 2525 236 2605 etque
259 2522 339 2586 ulios
361 2524 481 2608 legere,
505 2522 545 2587 ad
567 2524 686 2586 fastum
711 2544 933 2606 quoscumque
956 2526 1101 2608 parentes

139 2614 265 2693 optaret
288 2611 350 2675 sibi
374 2614 523 2695 quisque,
546 2612 626 2677 meis
650 2615 821 2676 contentus
843 2612 1001 2676 honestos

139 2698 280 2763 fascibus
304 2704 336 2764 et
359 2700 446 2765 sellis
470 2700 590 2765 nollem
614 2701 694 2765 mihi
719 2723 857 2785 sumere,
880 2701 1012 2766 demens

139 2788 260 2853 iudicio
284 2789 387 2874 volgi,
411 2812 507 2854 sanus
531 2791 668 2854 fortasse
691 2795 762 2873 tuo,
786 2789 873 2874 quod

138 2878 258 2942 nollem
278 2899 360 2942 onus
378 2879 466 2943 haud
479 2901 633 2963 umquam
648 2881 764 2945 solitus
777 2885 907 2964 portare
921 2880 1102 2947 molestum

86 2992 126 3032 roo
139 2989 215 3031 nem
239 2966 320 3034 mihi
345 2970 499 3033 continuo
523 2970 627 3034 maior
650 2969 831 3053 quaerenda
852 2968 937 3033 foret
960 2991 1013 3035 res

208 3090 374 3160 &ann
443 3091 580 3163 (mco

213 3267 249 3322 78
269 3284 284 3321 e
303 3268 445 3337 (1111111111
463 3269 564 3341 QQ,
583 3271 612 3323 et
630 3272 679 3323 αΦ
741 3268 776 3324 75
796 3271 911 3323 octonos
986 3266 1140 3395 205st

139 3339 240 3407 Porpt.
261 3342 289 3409 (ι’.
304 3340 384 3394 schol.
400 3342 448 3407 Γ),
467 3341 575 3394 octonis
649 3356 715 3393 cera
735 3343 758 3394 Φ
831 3339 870 3394 83
888 3342 1018 3396 seruauit
1036 3342 1102 3410 (-bit

137 3410 174 3480 Q
187 3410 237 3481 Q,
257 3410 390 3464 seruabat
411 3414 434 3464 Φ
506 3410 543 3465 87
565 3413 595 3464 et
613 3411 666 3464 hoc
686 3429 716 3478 ς,
738 3412 775 3465 ed
792 3411 846 3465 hoc
863 3412 900 3482 Q
912 3411 964 3484 Q,
984 3413 1022 3467 sd
1040 3412 1138 3469 haece

138 3480 189 3534 clii
210 3481 258 3535 ‘cd
278 3482 357 3536 haee'
377 3482 404 3536 lc
464 3484 485 3548 t,
504 3486 536 3536 ut
555 3483 604 3537 sit:
625 3483 662 3535 ad
682 3483 752 3537 hoec
771 3499 843 3552 quae
862 3483 1020 3552 pmestitit;
1041 3483 1092 3538 clii
1108 3480 1140 3537 ‘si

138 3552 202 3605 hoo‘
224 3553 332 3607 scilicet
351 3571 406 3622 quo
445 3554 589 3622 praestitit
608 3555 688 3607 schol.
703 3556 765 3611 PV
832 3553 872 3608 96
892 3553 948 3608 sibi
965 3556 1005 3626 Q
1021 3555 1073 3628 Q,
1091 3554 1140 3609 111

138 3622 269 3678 honestos
287 3626 324 3696 Q
340 3625 378 3698 Q
396 3626 524 3694 (Bland.)
544 3625 678 3694 (Pomm),
697 3626 853 3695 (h)onustos
873 3643 889 3685 ς

174 3900 273 3932 Α
