2400 3968
475 218 721 274 PRAEFATIO.
1049 225 1107 283 VH

88 406 147 462 qua
174 390 208 446 in
234 405 267 448 rc
294 406 331 446 ue
357 389 446 447 nimis
473 389 581 446 arreins
603 404 737 446 rusarer
760 405 793 445 ca
817 389 942 445 meinime
964 404 1009 445 me
1032 388 1107 444 ralia

87 480 176 537 mouit
198 478 276 552 quod
301 494 362 535 uon
383 479 416 535 in
439 478 538 536 animo
559 470 699 536 habebam
722 478 904 549 superfluam
928 480 954 534 et
976 477 1106 533 inutilem

87 567 208 627 reddere
245 567 397 626 editionem
427 566 539 623 Kellcri
569 565 749 639 Holderique
780 567 920 624 maiorem
952 563 1107 637 (nimirum

87 673 199 728 semper
221 673 309 714 suum
331 656 389 713 sibi
410 656 503 713 locum
525 656 555 712 in
580 657 652 714 cotis
675 657 780 714 criseas
802 654 989 712 Horatianos
1011 655 1107 712 sindi-

90 745 187 818 cabil),
210 745 262 804 sed
284 746 370 816 quasi
393 745 494 803 ducem
517 749 542 802 ei
565 745 657 802 lucem
675 744 817 816 praebere
838 745 869 801 iu
888 743 1106 816 perscrutanda

92 833 339 907 diiudicandaquc
361 834 544 907 conplissima
562 833 688 891 aratoria
705 851 725 891 a
742 834 815 891 uiris
833 832 1017 891 dralonderis
1035 834 1107 905 apti-

88 940 193 995 meque·
217 924 329 982 meritis
360 923 482 982 collecta.
530 939 615 996 spero
647 926 744 979 iancea
775 923 889 981 nullam
919 939 965 980 oric
995 922 1106 994 fugiisse

87 1012 216 1070 lectionis
248 1012 475 1086 discrepantiam
507 1028 582 1084 arrae
612 1029 684 1068 mem
715 1011 754 1069 sib
780 1011 948 1069 Horatiano
977 1011 1107 1069 dubitari

83 1102 179 1174 possit
199 1105 253 1160 aut
275 1102 404 1174 quaein
421 1101 635 1174 perspiciendis
657 1099 808 1159 lectionum
834 1103 859 1156 et
876 1101 1016 1159 librorum
1035 1101 1106 1171 fam

86 1191 201 1263 aliquid
222 1191 328 1250 ualeat.

154 1279 266 1338 indices
307 1283 334 1338 ct
368 1281 462 1352 fastos
497 1280 565 1337 liuic
601 1279 719 1337 editioni
755 1278 827 1336 addi
862 1279 970 1337 similes
1006 1279 1107 1350 (pliades

86 1367 124 1425 L.
148 1369 278 1427 Mueller
299 1372 455 1427 curaverat
481 1386 546 1426 curu
574 1367 737 1441 bybliopola
764 1368 988 1426 liberalissimus
1015 1368 1105 1426 uellet.

86 1456 207 1516 libenter
230 1459 292 1516 cius
314 1458 457 1515 uoluntati
479 1458 680 1529 obtemperavi,
703 1474 880 1530 quamquam
904 1457 1036 1516 videbam
1054 1474 1107 1515 nec

86 1547 180 1618 fastos
202 1547 430 1605 Franlienianos
458 1547 541 1604 bodie
568 1549 696 1618 oportere
723 1547 812 1619 repeti
834 1564 887 1605 uec
909 1547 1048 1604 Muelleri
1071 1547 1107 1604 de

87 1651 220 1695 sermome
253 1638 279 1693 et
303 1635 447 1708 prosodia
479 1635 594 1693 collcdu
625 1636 685 1692 ullo
717 1637 800 1693 modo
832 1636 974 1707 sufficere.
1029 1653 1106 1693 iecra

86 1725 178 1798 ipiiur
200 1730 286 1784 crant
307 1721 523 1797 conscribe-uda,
546 1741 670 1797 quorum
693 1727 820 1783 rationes
843 1728 870 1783 ct
891 1725 980 1782 doctis
997 1726 1106 1797 proba-

87 1815 150 1872 tum
172 1816 213 1872 iri
236 1819 262 1872 ct
284 1814 459 1872 discentibus
481 1815 566 1872 utiles
587 1814 651 1885 fore
673 1830 773 1886 spero,·
796 1814 884 1871 siuml
905 1815 1021 1872 uariam
1039 1819 1106 1886 peto

88 1904 115 1960 si
141 1904 213 1975 quid
234 1905 334 1976 primo
362 1905 486 1962 decursu
508 1920 565 1976 per
592 1905 741 1961 materiem
769 1902 885 1960 cariam
910 1919 988 1961 meos
1010 1903 1106 1962 oculas

88 1993 170 2065 supd.
212 1998 370 2051 metrorum
393 1995 419 2049 ct
441 2009 578 2050 casuum
601 1993 746 2051 sclumaia
768 2010 813 2050 mc
831 1992 995 2064 depinxisse
1013 1993 1054 2050 ad
1072 2011 1106 2051 ea

87 2097 162 2152 quac
188 2099 209 2140 a
234 2081 359 2140 Otiristio
381 2082 614 2154 Kicsslinpioquc
639 2081 795 2142 didicimus
816 2097 930 2149 moneo,
955 2083 1027 2154 auia
1045 2100 1106 2154 par

90 2175 131 2228 est
151 2171 258 2229 borum
279 2173 411 2230 uirorum
432 2172 553 2228 namura
576 2171 631 2228 bac
652 2171 684 2228 in
706 2188 739 2228 rc
761 2169 891 2230 laudari.

152 2259 205 2318 sed
237 2261 308 2318 hacc
338 2261 485 2319 badeuus.
537 2263 621 2333 prato
654 2261 752 2318 urimo
785 2264 870 2318 testor
901 2276 946 2318 me
978 2262 1103 2318 comitem

85 2349 223 2407 babuisse
249 2349 283 2407 in
309 2367 341 2408 rc
369 2349 467 2407 ardua
491 2353 517 2407 et
538 2349 685 2407 interdum
708 2349 891 2422 desperanda
913 2351 1009 2407 cirum
1033 2353 1106 2406 anii-

88 2438 247 2505 cissimum,
280 2439 395 2509 quicum
427 2439 489 2495 iam
520 2435 648 2496 Aetnam
680 2441 832 2511 iuuptassc
863 2439 1032 2496 dulcissima
1066 2442 1108 2496 esi

86 2528 240 2603 memoria,
276 2525 441 2600 Sipfridum
477 2526 625 2585 SVDHA
633 2526 686 2584 VS.
737 2526 786 2585 ille
822 2532 910 2585 totum
946 2527 1104 2585 Horatium

88 2632 200 2674 menam
213 2616 346 2689 perlepit,
364 2616 507 2690 plapidas
531 2617 712 2683 emacularit,
735 2618 892 2675 utilissima
911 2618 1062 2675 adornamui
1080 2621 1107 2674 ct

87 2697 279 2784 muscosi)
325 2707 411 2764 ctiam
436 2703 528 2764 Oscor
551 2705 659 2774 HEY,
687 2706 847 2778 aliquando
870 2707 952 2779 apud
977 2706 1104 2764 Thesau-

86 2811 154 2851 rum
184 2794 297 2853 sodalis
327 2795 437 2866 ridelis,
468 2795 584 2867 repanti
614 2796 777 2854 iucundmn
805 2795 931 2868 utileque
961 2796 1104 2853 aririlium

87 2883 154 2941 tulii
175 2899 231 2954 auo
254 2883 432 2942 emundabor
455 2884 568 2957 lepaiur
590 2884 743 2941 Horatius.

160 3089 185 3154 1)
210 3088 288 3158 piper
314 3105 354 3142 me
382 3090 512 3143 monitori
538 3105 595 3142 nan
623 3090 775 3144 obsecutum
801 3106 855 3143 esse
877 3107 936 3144 ears
961 3093 1104 3144 rectissime

88 3158 240 3224 defenderet
267 3176 346 3213 serm.
365 3164 390 3224 1,
409 3165 435 3225 4,
454 3164 490 3214 35
514 3159 667 3213 dummodo
691 3160 778 3213 risum
802 3161 938 3229 excutiat,
963 3161 1016 3214 sibi
1039 3178 1103 3224 non,

87 3245 143 3282 non
167 3227 300 3297 cuiquam
322 3236 421 3299 parcet
443 3231 533 3285 amico
558 3233 696 3286 lectionem
719 3234 749 3285 iu
767 3230 806 3303 (ᾧ
824 3233 968 3297 traditam,
993 3234 1026 3285 ab
1048 3234 1103 3285 edi-

88 3301 192 3354 toribus
214 3308 349 3370 sprctam,-
366 3303 505 3370 impressis
524 3303 630 3356 demum
646 3305 769 3373 plapulis
787 3305 922 3358 indicarit
935 3305 1003 3357 raibi
1017 3304 1104 3358 taciem

89 3389 244 3444 Animula
262 3391 313 3445 ern.
331 3391 438 3444 mucii.
459 3395 532 3445 1128
540 3379 565 3457 ν,
584 3397 620 3446 34
643 3390 658 3445 ὁ
678 3390 900 3462 βωμολόχος...
921 3392 983 3446 οὔτε
1003 3391 1103 3445 ἑαυτοῦ

90 3459 151 3514 οὔτε
169 3469 226 3514 τῶν
245 3459 336 3514 ἄλλων
355 3461 536 3530 ἀπεχόμενος,
555 3463 580 3517 εἰ
598 3462 700 3533 γέλωτα
719 3462 837 3530 ποιήσει,
856 3480 908 3531 quo
926 3480 992 3517 sane
1006 3466 1104 3531 optime

88 3531 245 3586 illustratur
272 3533 424 3586 conuicium
450 3535 523 3603 rolpi
550 3535 584 3588 ab
609 3536 728 3589 Horatio
751 3536 908 3590 iuduclum:
934 3536 1104 3603 impudenter

91 3603 282 3672 interpolatum
301 3611 340 3658 esi
357 3607 536 3674 apoprapbon
554 3606 598 3676 (D,
618 3614 707 3660 tamen
726 3605 875 3661 editoribus
893 3607 1031 3674 imposuit.
