2400 3968
518 192 623 248 EPOD.
644 199 668 248 2.

136 429 155 441 ,
217 339 433 422 pavidumque
456 338 598 421 leporem
621 342 654 403 ct
676 339 834 404 advenam
856 339 959 424 laqueo
973 357 1053 424 gri·

261 428 399 492 iucunda
423 431 531 511 captat
553 428 704 511 praemia.

218 519 290 600 quis
312 539 380 582 non
401 519 559 582 malarum
582 539 661 601 quas
685 539 777 581 amor
800 539 892 583 ouras
912 517 1010 581 habeb

260 606 338 671 haec
361 608 446 670 inter
468 605 692 671 obliviscitur?

217 694 332 779 quodsi
356 695 472 780 pudica
495 695 610 759 mulier
634 696 668 759 in
690 699 816 779 partem
839 696 924 761 iuvet

261 785 393 848 domum
416 789 512 868 atque
536 784 638 848 dulcis
662 784 795 869 liberos,

218 872 337 938 Sabina
360 874 464 956 qualis
488 877 544 937 aut
566 876 697 957 perusta
720 873 845 938 solibus

260 963 401 1045 pernicis
424 984 505 1026 uxor
528 959 641 1045 Apuli,

217 1073 342 1116 sacrum
366 1052 502 1116 vetustis
526 1055 671 1116 exstruat
692 1052 793 1138 lignis
816 1052 922 1118 focum
968 1070 973 1077 ·

261 1140 339 1205 lassi
363 1141 423 1204 sub
447 1140 620 1204 adventum
643 1142 705 1205 viri

218 1229 431 1313 claudensque
455 1231 552 1294 textis
577 1229 718 1295 cratibus
741 1229 865 1296 laetum
886 1249 969 1315 pecus

262 1320 401 1383 distenta
425 1319 523 1385 siccet
545 1319 646 1383 ubera

217 1413 249 1473 et
272 1409 376 1471 horna
399 1407 484 1472 dulci
508 1409 582 1472 rina
605 1429 757 1491 promens
780 1408 868 1474 dolio

262 1497 359 1580 dapes
383 1497 541 1580 inemptas
565 1497 709 1582 adparet:

216 1608 283 1651 non
305 1607 356 1649 me
378 1585 518 1650 Lucrina
541 1586 681 1650 iuverint
704 1586 875 1671 conchylia

263 1677 405 1761 magisve
428 1674 583 1739 rhombus
607 1679 664 1739 aut
687 1676 783 1760 scari,

217 1766 328 1848 siquos
351 1763 431 1829 Eois
453 1765 600 1828 intonata
622 1764 774 1828 fluctibus

261 1853 364 1917 hiems
388 1852 514 1918 adhoc
536 1858 641 1917 vortat
662 1876 763 1938 marc,

216 1965 282 2007 non
305 1941 386 2006 Afra
407 1944 477 2007 avis
501 1942 672 2006 descendat
693 1943 729 2007 in
750 1947 897 2007 ventem
917 1953 1012 2010 mcum,

261 2053 327 2095 non
350 2035 482 2117 attagen
504 2030 633 2097 lonicus

218 2120 387 2185 iucundior
410 2142 505 2203 quam
529 2120 612 2184 lecta
635 2121 673 2184 do
695 2121 919 2206 pinguissimis

263 2209 348 2273 oliva
370 2210 468 2272 ramis
492 2209 643 2274 arborum

218 2310 274 2362 aut
296 2297 396 2362 herba
419 2298 543 2382 lapathi
566 2302 659 2382 prata
682 2301 819 2364 amantis
844 2304 876 2363 st
899 2295 979 2384 gravi

263 2387 385 2451 malvae
408 2387 552 2451 salubres
575 2390 704 2471 corpori

218 2476 268 2539 rol
291 2499 375 2562 agna
397 2477 489 2540 festis
513 2499 604 2541 caesa
627 2476 865 2541 Terminalibus

263 2565 315 2629 rel
336 2565 456 2629 haedus
479 2574 607 2649 ereptus
630 2565 719 2649 lupo.

217 2655 277 2718 has
301 2654 384 2718 inter
406 2654 518 2738 epulas
541 2668 578 2718 ut
600 2656 690 2718 iurat
711 2660 822 2738 pastas
846 2657 917 2721 ovis

263 2743 369 2808 videre
391 2744 595 2827 properantis
618 2744 764 2829 domurn,

217 2833 326 2895 ridere
348 2833 451 2897 fessos
474 2855 635 2897 vomerem
659 2833 822 2897 inversum
843 2833 945 2899 boves

263 2920 347 2986 cosso
370 2922 529 2986 trahentis
551 2921 706 3007 languido

217 3011 405 3094 positosque
427 3033 555 3079 scr-noa.
578 3011 654 3074 ditis
676 3033 812 3075 examen
834 3011 963 3097 domus,

263 3100 383 3163 cimam
407 3100 583 3163 malidentis
605 3099 718 3163 Laris?

155 3242 208 3311 Q:
222 3242 321 3293 ,llas
390 3239 444 3311 u:
461 3242 527 3295 Ro

155 3364 220 3419 az:
225 3365 278 3435 ι
290 3364 365 3435 {ij
447 3379 518 3431 quam
537 3363 723 3445 ιιιιιιιιῷξ,
741 3366 844 3434 Porpb
864 3367 994 3433 (amal.
1012 3366 1053 3423 Al

85 3437 173 3490 Roma
190 3392 261 3505 uirus
249 3436 432 3490 &maurium
503 3434 542 3488 42
560 3437 593 3490 od
611 3435 710 3504 perinx
728 3437 811 3501 «afferi
825 3436 899 3492 Sera
912 3455 1003 3510 ysory.
1014 3441 1053 3507 a:

84 3506 250 3563 {ar-5⁹3
271 3508 507 3561 ιιιιιιιιιιιΙιι
528 3480 1048 3593 06ρ4ῖ314.11,34ρ.576,

84 3577 135 3634 68,
153 3576 193 3631 64
211 3580 270 3633 «a,
264 3581 334 3632 iaie
323 3578 528 3632 militudinem
548 3597 573 3630 ιι
576 3594 640 3641 ilus
658 3578 730 3633 Sar
745 3579 836 3633 buc..
823 3583 839 3615 '²
838 3584 900 3643 ,66
