2400 3968
86 205 160 271 -240
503 207 609 264 SERM.
626 208 654 263 Π
672 215 697 264 6.

147 351 300 417 sollicitas
324 352 455 438 ignarus
479 376 570 438 opes,
593 355 640 419 sio
663 354 789 438 incipit:
816 355 908 419 ‘olim

106 467 133 507 so
147 442 286 505 rusticus
309 442 468 506 urbanum
492 465 615 507 murem
639 465 710 508 mus
733 466 875 527 paupere
899 445 1004 510 fertur

146 532 305 614 accepisse
319 553 421 615 cavo,
444 538 584 596 veterem
607 537 699 597 vetus
722 533 839 616 hospes
864 535 1020 619 amicum,

147 641 240 704 asper
263 626 295 684 et
318 623 460 686 attentus
485 623 652 705 quaesitis,
676 626 712 687 ut
735 626 844 686 tamen
868 627 979 688 artum

146 710 283 774 solveret
307 710 458 793 hospitiis
482 711 634 776 animum.
677 711 755 795 quid
779 712 905 776 multa?
928 735 1035 798 neque
1056 713 1100 778 ille

147 799 280 882 sepositi
303 800 413 864 ciceris
436 822 496 865 nec
518 800 634 886 longae
656 801 774 865 invidit
796 822 929 885 avenae,

105 913 131 954 ss
146 889 271 953 aridum
295 892 327 952 et
351 910 405 952 ore
428 890 534 954 ferens
558 891 685 954 acinum
710 911 896 974 semesaque
918 890 1005 956 lardi

145 977 249 1042 frusta
272 978 373 1062 dedit,
396 979 528 1062 cupiens
552 981 640 1044 varia
662 979 796 1044 fastidia
816 1001 896 1045 cena

145 1067 273 1132 vincere
296 1069 458 1154 tangentis
483 1069 566 1132 male
590 1069 717 1154 singula
740 1068 834 1133 dente
857 1071 1016 1156 superb03

145 1178 217 1220 cum
241 1161 333 1241 pater
354 1159 423 1241 ipse
447 1158 561 1222 domus
585 1157 677 1241 palea
699 1163 865 1241 porrectus
890 1159 926 1223 in
949 1159 1052 1224 horna

145 1250 227 1310 esset
250 1247 328 1310 ador
349 1247 540 1330 loliumque,
564 1247 655 1331 dapis
678 1247 811 1312 meliora
833 1247 1031 1332 relinquens.

104 1361 130 1401 sc
144 1337 274 1400 tandem
284 1335 425 1400 urbanus
434 1336 837 1420 adhunc“quidteiuuat'’
846 1337 967 1423 inquit,
976 1339 1097 1420 “amioe,

143 1426 310 1508 praerupti
332 1426 474 1489 nemoris
497 1427 674 1510 patientem
697 1427 803 1490 vivere
827 1427 949 1492 dorso?

145 1514 194 1577 vis
222 1519 258 1578 tu
286 1514 433 1579 homines
456 1514 642 1598 Vrbemque
670 1515 746 1579 feris
774 1536 975 1600 praeponere
999 1515 1097 1581 silvis?

144 1625 239 1686 carpe
262 1604 360 1685 viam,
384 1604 465 1667 mihi
489 1605 593 1688 crede,
617 1626 736 1685 comes,
759 1606 925 1669 terrestria
950 1605 1073 1688 quando

144 1693 291 1756 mortalis
314 1695 438 1758 animas
461 1695 574 1758 vivont
597 1695 712 1759 sortita
734 1716 838 1777 neque
860 1695 929 1759 ulla
954 1699 1004 1760 est

104 1807 129 1847 ss
144 1786 200 1845 aut
227 1804 345 1867 magno
376 1785 432 1846 aut
455 1806 554 1866 parvo
578 1783 635 1847 leti
658 1783 749 1870 fuga:
778 1805 856 1868 quo,
886 1783 986 1869 bone,
1013 1785 1098 1866 circa,

144 1871 219 1934 dum
242 1871 333 1954 licet,
356 1873 390 1935 in
413 1872 508 1936 rebus
531 1872 679 1938 iucundis
701 1874 774 1938 rive
796 1873 924 1956 beatus,

143 1960 214 2025 rive
238 1981 368 2045 memor,
393 1984 489 2044 quam
512 1962 556 2026 sis
580 1961 650 2026 aevi
668 1961 808 2026 brevis.''
847 1961 928 2026 haec
947 1961 1006 2027 ubi
1024 1962 1099 2027 dicta

143 2053 301 2136 agrestem
325 2050 489 2134 pepulere,
514 2051 609 2116 domo
633 2052 712 2116 levis
737 2051 857 2136 exsilit,
881 2051 957 2115 inde

143 2140 237 2203 ambo
261 2141 464 2223 propositum
488 2144 647 2226 peragunt
669 2142 744 2223 iter,
767 2139 865 2204 Vrbis
889 2144 1021 2205 aventes

89 2255 128 2293 100
142 2229 269 2294 moenia
291 2231 442 2293 nocturni
466 2230 645 2312 subrepere.
691 2231 819 2312 iamque
843 2229 975 2294 tenebat

142 2340 207 2382 nox
230 2319 372 2382 medium
396 2320 475 2383 caeli
499 2319 651 2402 spatium,
675 2340 748 2383 oum
770 2319 864 2403 ponit
886 2322 1024 2404 uterque

143 2409 177 2472 in
199 2406 361 2490 locuplete
385 2408 480 2472 domo
504 2409 654 2494 vestigia,
676 2408 774 2473 rubro
797 2407 855 2471 ubi
878 2428 976 2474 cocco

142 2498 243 2560 tincta
267 2518 363 2580 super
384 2498 485 2562 lectos
510 2498 659 2562 canderet
681 2497 780 2570 restis
805 2496 943 2561 eburnos

142 2588 308 2670 multaque
333 2586 370 2650 de
394 2609 511 2672 magna
534 2590 738 2670 superessent
760 2585 883 2650 fercula
906 2607 999 2670 cena,

90 2699 128 2740 ios
143 2697 224 2758 quae
247 2675 361 2758 procul
383 2677 555 2741 exstructis
578 2677 704 2741 inerant
726 2675 876 2740 hesterna
899 2676 1058 2743 canistris.

159 2833 285 2903 &an
353 2834 452 2906 cM

162 2957 198 3011 79
226 2957 294 3011 olim
320 2990 353 2997 —
378 2958 413 3012 81
444 2958 565 3012 amicum
593 2960 625 3013 ot
653 2958 721 3011 olim
748 2959 910 3025 fabularum
932 2959 1104 3029 principium

89 3030 170 3096 offert
192 3031 267 3084 Dorr.
289 3030 348 3084 Ter.
369 3030 458 3084 Andr.
479 3034 549 3097 925,·
570 3030 696 3095 fatalem
715 3031 820 3084 Horati
840 3030 873 3084 de
896 3047 973 3084 mare
997 3047 1104 3086 comme·

88 3107 197 3156 moram
220 3102 293 3171 Aop.
314 3119 334 3155 c.
354 3102 441 3155 mend.
460 3104 499 3155 28
519 3119 548 3169 p.
565 3105 628 3169 509,
646 3105 664 3154 4
683 3102 790 3172 Zyeho,
812 3102 901 3156 Prisc.
920 3119 1037 3170 prorem.
1057 3103 1106 3156 ΠΙ

88 3176 152 3239 430,
171 3177 188 3227 7
207 3174 275 3227 Isid.
290 3175 357 3243 erip.
374 3178 398 3239 1,
417 3178 462 3239 40,
482 3177 500 3226 6
572 3170 609 3226 84
628 3189 680 3227 nec
700 3172 797 3226 ciceris
817 3203 851 3212 -
870 3187 976 3226 avenae
995 3175 1029 3228 ob
1048 3191 1104 3245 pen.

88 3261 215 3314 praecum
246 3245 338 3314 Quint.
363 3247 426 3298 inst.
447 3248 478 3310 9,
497 3249 528 3310 3,
547 3249 583 3298 17
690 3242 728 3298 85
756 3261 818 3299 com
845 3245 967 3299 manate
995 3245 1106 3298 acinum

89 3316 402 3455 irretirent?
431 3317 791 3442 (Aiieitmairiiitaa
808 3314 1055 3443 {tirus
1096 3359 1105 3453 ζ

86 3465 149 3526 post
168 3462 222 3512 109
245 3460 378 3527 prioritas
403 3460 548 3526 scripserat
571 3462 585 3512 t
675 3458 713 3512 95
737 3458 811 3511 bone
833 3459 870 3529 (r)
891 3457 943 3529 (fr),
971 3457 1046 3514 bene
1064 3459 1107 3514 Ei

89 3530 215 3598 (Blorrd.)
325 3530 363 3583 96
386 3531 445 3582 sire
471 3531 591 3584 terremote
614 3531 737 3598 ecempio
765 3530 851 3585 Varie.
871 3533 926 3584 147
955 3529 1104 3600 (secundis)

91 3600 147 3654 loa
167 3601 301 3655 canderet
318 3601 354 3671 Θ
371 3600 422 3671 ᾧ,
442 3601 553 3655 arderet
572 3603 733 3670 Peerlkamp
