2386 3974
451 226 556 282 SERM.
576 227 643 281 115.
664 233 688 281 6.

53 372 148 443 ‘ferte
172 371 364 436 coheredum
388 372 495 436 senior
517 372 600 437 male
623 373 751 455 tussiat,
774 372 850 437 huic
872 376 910 436 tu

63 462 129 543 dio,
153 483 192 525 ex
214 465 306 544 parte
328 465 385 525 tua
408 483 465 525 seu
487 461 579 526 fundi
603 462 670 526 sive
693 462 807 526 domus
831 462 874 526 sit

62 554 204 634 emptor,
226 550 419 637 gaudentem
442 573 575 616 nummo
599 555 632 615 te
655 551 809 616 addicere.
856 552 911 616 scd
933 574 984 617 me

62 641 236 723 imperiosa
258 639 360 704 trahit
381 639 587 724 Proserpina:
610 641 681 706 vive
705 642 858 724 valeque'
1026 716 1028 721 ,
1079 669 1118 708 110

540 943 596 1008 VI.

107 1051 180 1116 Hoc
203 1055 271 1116 erat
294 1052 329 1115 in
351 1051 448 1115 rotis:
473 1048 587 1114 modus
611 1051 681 1136 agri
704 1073 770 1115 non
793 1050 839 1115 ita
862 1072 1014 1138 magnus,

62 1141 177 1205 hortus
200 1141 257 1205 ubi
281 1145 313 1204 et
335 1143 421 1204 tecto
445 1141 569 1204 vicinus
593 1139 678 1226 iugis
701 1162 802 1224 aquae
825 1141 898 1204 fons

62 1235 94 1295 et
117 1232 250 1315 paulum
274 1231 373 1294 silvae
397 1250 493 1313 super
514 1228 566 1293 his
588 1229 681 1294 foret.
728 1231 852 1294 auctius
876 1233 972 1312 atque

62 1320 94 1384 di
118 1320 233 1384 melius
256 1319 368 1384 fecere.
413 1319 494 1383 bene
518 1323 574 1383 cat.
619 1320 667 1382 nil
690 1318 827 1402 amplius
851 1340 921 1403 ore,

60 1409 147 1473 Maia
169 1413 252 1492 nate,
275 1409 339 1473 nisi
362 1412 398 1472 ut
421 1409 553 1492 propria
575 1408 655 1473 haec
677 1409 757 1471 mihi
780 1431 914 1472 munera
931 1407 1022 1472 faxis.
1104 1435 1116 1475 a

61 1501 88 1562 si
111 1520 215 1583 neque
238 1499 393 1562 maiorem
416 1497 480 1563 feci
497 1498 626 1563 ratione
650 1499 735 1561 mala
757 1521 824 1561 rem

60 1610 121 1653 neo
143 1610 215 1652 sum
234 1588 377 1653 facturus
400 1587 480 1651 vitio
505 1587 639 1670 culpave
662 1588 834 1672 minorem3

61 1679 89 1741 si
113 1699 246 1742 veneror
270 1677 387 1741 stultus
409 1676 494 1741 nihil
516 1677 633 1742 horum
657 1678 688 1742 ‘o
712 1679 740 1741 si
764 1678 900 1763 angulus
923 1675 978 1740 ille

59 1768 229 1852 proximus
252 1767 394 1850 accedat,
418 1767 473 1850 qui
496 1788 583 1830 nunc
606 1766 774 1831 denormat
796 1767 961 1852 agellumt'

61 1858 93 1922 ‘o
114 1856 142 1919 si
160 1878 274 1920 urnam
294 1856 419 1942 argenti
437 1855 504 1920 fors
524 1877 605 1939 quae
624 1855 705 1920 mihi
723 1858 890 1939 monstret,
909 1862 945 1919 ut
964 1854 1023 1940 illi,
1091 1883 1117 1922 10

59 1945 212 2012 thesauro
236 1947 366 2009 invento
391 1946 447 2029 qui
470 1946 708 2009 mercennarius
731 1967 845 2031 agrum

59 2034 153 2099 illum
177 2035 284 2118 ipsum
307 2037 466 2099 mercatus
489 2035 606 2117 aravit,
630 2034 717 2099 dives
742 2035 844 2098 amico

59 2124 234 2208 Herculet’,
258 2125 285 2188 si
299 2123 385 2207 quod
399 2123 489 2188 adest
503 2128 630 2208 gratum
645 2124 735 2188 iuvat
749 2122 824 2210 (hac
837 2145 932 2206 prece
947 2126 980 2186 te
991 2121 1075 2210 oro):

59 2214 181 2298 pingue
204 2235 301 2297 pecus
325 2213 453 2277 domino
477 2213 577 2277 facias
601 2217 633 2277 ct
656 2217 762 2277 cetera
784 2216 911 2296 practer

59 2303 240 2389 ingenium,
266 2306 364 2386 utque
389 2301 485 2384 soles,
510 2306 618 2367 custos
642 2302 723 2367 mihi
745 2302 904 2366 maximus
928 2302 1021 2366 adsis.
1090 2329 1115 2369 15

106 2414 183 2478 ergo
198 2392 255 2456 ubi
268 2413 320 2456 me
332 2392 367 2456 in
376 2395 501 2456 montes
513 2395 544 2456 et
554 2393 588 2455 in
598 2414 703 2456 arcem
715 2414 753 2456 ex
763 2391 842 2456 urbe
851 2393 1022 2456 removi-

61 2479 155 2568 (quid
176 2481 266 2565 prius
290 2481 459 2546 inlustrem
483 2482 599 2546 saturis
623 2503 777 2564 musaque
801 2478 954 2568 pedestri)

59 2592 120 2635 nce
144 2573 301 2635 malama
325 2571 458 2635 ambitio
482 2571 587 2654 perdit
611 2593 669 2635 nec
692 2571 863 2654 plumbeus
887 2574 995 2635 auster

59 2663 297 2744 autumnusque
320 2661 441 2744 gravia,
464 2659 625 2724 Libitinae
649 2664 800 2742 quaestus
823 2659 963 2724 acerbae.

59 2748 220 2814 Matutine
243 2753 348 2833 pater,
371 2772 428 2813 seu
451 2747 549 2814 ‘Iane’
574 2750 727 2813 libentius
751 2750 856 2833 audis,
1089 2776 1116 2815 ao

58 2838 145 2902 unde
167 2837 313 2903 homines
338 2862 471 2923 operum
494 2839 616 2922 primos
640 2838 788 2922 vitaeque
810 2838 937 2904 labores

58 2928 234 2992 instituent
257 2926 318 3014 (sic
341 2928 389 2992 dis
413 2928 595 3012 placitum),
618 2931 655 2991 tu
679 2928 829 2993 carminis
853 2932 923 2992 esto

58 3016 263 3102 principium.
310 3016 431 3081 Romae
454 3039 641 3102 sponsorem
664 3040 715 3083 me
738 3017 833 3102 rapis.
880 3018 954 3100 ‘eia,

57 3129 99 3171 ne
123 3107 212 3189 prior
235 3107 343 3171 officio
369 3108 540 3191 quisquam
564 3106 768 3191 respondeat,
792 3106 893 3192 urge'

130 3265 217 3335 oa
288 3265 387 3337 aa

130 3406 161 3478 6,
183 3407 197 3461 7
217 3423 253 3460 ue
271 3409 327 3474 Εἰ,
347 3424 401 3474 que
420 3408 544 3461 atGotb.
637 3407 717 3462 100
777 3408 839 3473 lcf.
860 3407 935 3461 Pera.
954 3411 982 3472 2,
1001 3412 1074 3476 9sq.,

58 3479 179 3533 circuisse
197 3480 305 3534 uidetur
321 3482 344 3532 Φ
364 3479 465 3547 (enauit
483 3478 518 3543 2¹,
537 3479 600 3532 Heu
614 3479 654 3548 F)
726 3479 735 3532 i
762 3478 767 3490 '
787 3479 824 3549 Q)
840 3477 886 3549 Θ,
905 3477 955 3532 illc
969 3479 1073 3532 Blaad.

58 3549 329 3688 ιΙςένυ,ΤΙΔιιῘέἓωὰῗ697
347 3551 458 3619 Pmpb,
485 3549 553 3603 Tres
578 3566 645 3603 auro
665 3568 683 3605 a
756 3549 794 3604 20
817 3551 850 3605 ob
868 3551 972 3605 Ianum
994 3550 1076 3616 affert
