2400 3968
437 216 543 272 SERM.
562 218 619 272 14.
976 219 1038 284 187

86 365 138 448 rit,
167 366 211 428 ‘et
235 364 298 428 hoc
321 365 429 428 studio
453 386 570 448 pravos
593 365 694 429 facis?
741 364 825 429 unde
848 368 987 449 petitum

104 454 138 517 in
160 476 212 518 me
235 453 335 518 iacis?
381 458 431 517 est
454 457 567 519 auctor
590 455 662 538 quis
686 454 823 539 denique
847 477 971 540 eorum,
1055 481 1082 522 ao

87 565 182 607 ,cum
205 542 345 628 quibus?
391 543 556 607 absentem
580 545 636 626 qui
659 543 754 628 rodit,
777 545 915 609 amicum

100 655 163 697 non
187 632 330 697 defendit
352 632 417 696 alio
441 633 600 717 culpante,
624 633 748 699 solutes

102 726 207 806 captat
229 722 314 787 risus
337 720 506 786 hominum
529 722 712 806 famamque
736 723 868 809 dicacis,

89 832 139 875 ere
164 812 220 895 qui
241 833 309 876 non
331 811 401 876 visa
423 815 545 896 potest,
568 811 729 877 conmissa
751 816 856 876 tacere

100 902 223 984 nequit:
246 900 301 967 hic
323 901 416 987 niger
434 904 492 983 est,
515 901 602 965 hunc
619 905 665 985 tu,
689 901 842 986 Romane,
865 906 986 968 caveto.
1053 928 1079 969 as

91 1012 115 1054 >e
136 990 241 1055 tribus
264 990 356 1055 lectis
380 991 488 1055 videas
512 1012 624 1056 cenare
649 995 834 1075 quaternos,

92 1079 174 1144 uibus
197 1103 281 1145 unus
305 1084 377 1144 avet
401 1080 513 1163 quavis
537 1101 706 1164 aspergere
729 1085 862 1145 cunctos

93 1171 144 1233 iter
157 1192 231 1234 eum
246 1170 303 1254 qui
315 1168 449 1253 praebet
463 1192 593 1254 aquam,
607 1173 683 1254 post
696 1169 783 1234 hunc
795 1192 924 1254 quoque
933 1176 1039 1255 potus,

93 1256 147 1322 dita
168 1281 242 1323 oum
266 1281 363 1324 verax
386 1259 489 1343 aperit
512 1259 699 1343 praecordia
721 1259 826 1324 Liber.

99 1347 155 1411 tibi
178 1349 278 1414 comis
302 1352 335 1412 et
356 1348 498 1412 urbanus
522 1348 667 1432 liberque
690 1347 830 1433 videtur,
1052 1375 1078 1415 ao

93 1439 135 1501 sto
158 1437 275 1522 nigris;
299 1459 358 1523 ego
383 1439 410 1501 si
433 1437 503 1520 risi,
528 1436 614 1521 quod
637 1438 765 1521 ineptus

93 1525 175 1591 tilios
199 1527 340 1591 Rufillus
365 1526 443 1610 olet,
468 1525 649 1612 Gargonius
672 1527 821 1609 hircum',

93 1611 134 1680 lus
157 1619 190 1679 et
213 1616 347 1680 mordax
370 1616 481 1680 videor
503 1615 588 1680 tibi?
633 1616 755 1680 mentio
779 1617 890 1700 siquae

92 1699 254 1788 dapitolini
277 1705 372 1769 furtis
396 1706 514 1769 iniecta
536 1704 646 1769 Petilii

92 1813 179 1858 oram
202 1795 314 1880 fuerit,
338 1793 502 1878 defendas,
525 1798 562 1858 ut
585 1798 659 1859 tuos
683 1799 733 1859 est
755 1817 840 1860 mos:
1051 1820 1076 1861 es

106 1881 306 1968 Capitolinus
330 1884 513 1949 convictore
537 1905 613 1948 usus
637 1884 804 1967 amicoque

93 1991 155 2038 iero
181 1977 229 2037 est
253 1994 411 2057 causaque
434 1995 506 2037 mea
529 1973 690 2057 permulta
713 1978 846 2059 rogatus

93 2066 147 2126 ;et
169 2062 341 2127 incolumis
363 2063 468 2126 laetor
491 2062 577 2146 quod
600 2062 681 2126 vivit
704 2063 739 2126 in
760 2063 852 2148 urbe;

96 2153 202 2217 tamen
225 2152 380 2236 admiror,
404 2173 468 2236 quo
491 2156 586 2235 pacto
610 2153 765 2216 iudicium
788 2152 870 2216 illud

92 2241 159 2305 rit':
183 2240 238 2305 hic
261 2242 371 2327 nigrae
396 2262 490 2305 sucus
513 2241 683 2326 lolliginis,
706 2241 785 2305 haec
809 2244 859 2305 est
1036 2267 1076 2308 roo

90 2352 133 2415 ,go
158 2352 258 2415 mera3
282 2330 370 2415 quod
392 2331 509 2394 vitium
532 2330 645 2413 procul
668 2331 756 2394 afore
780 2331 900 2395 chartis

90 2441 110 2482 ’.θ
133 2420 241 2485 animo
264 2419 369 2504 prius,
393 2424 430 2483 ut
453 2420 560 2503 siquid
582 2419 772 2504 promittere
796 2420 834 2483 de
857 2441 908 2483 me

92 2531 146 2572 um
169 2509 256 2573 aliud
279 2532 367 2591 vere,
389 2509 554 2592 promitto.
600 2508 733 2573 liberius
758 2510 786 2572 si

89 2621 123 2663 ro
148 2598 239 2682 quid,
263 2598 290 2662 si
313 2599 398 2663 forte
421 2600 574 2682 iocosius,
597 2598 659 2662 hoc
682 2597 761 2661 mihi
785 2598 865 2661 iuris

108 2687 203 2752 venia
226 2687 330 2752 dabis:
354 2688 495 2752 insuevit
518 2692 610 2771 pater
633 2687 775 2771 optimus
799 2685 861 2750 hoc
884 2710 948 2771 me,
1034 2714 1072 2754 ros

88 2799 219 2863 agerem
242 2777 398 2861 exemplis
421 2776 575 2841 vitiorum
599 2798 743 2860 quaeque
766 2776 918 2841 notando.

108 2888 161 2930 me
184 2866 381 2948 hortaretur,
405 2888 500 2950 parce
523 2865 691 2951 frugaliter
714 2869 811 2950 atque

87 2997 247 3068 mann
316 2997 453 3070 quarn

87 3112 121 3167 79
150 3113 246 3180 Inquit
263 3114 312 3184 Θ,
340 3113 436 3182 Inquis
455 3113 493 3186 Q
583 3112 620 3166 85
646 3112 693 3166 hic
717 3144 750 3153 -
775 3114 872 3167 caveto
896 3114 928 3167 ob
951 3112 1033 3183 niger

88 3191 135 3238 ant
153 3185 225 3239 Sero.
247 3186 304 3239 bac.
325 3190 350 3252 5,
371 3189 408 3238 56
427 3201 515 3257 georg.
537 3191 561 3250 1,
581 3188 636 3238 320
653 3185 733 3239 schol.
754 3184 823 3240 Stat.
846 3185 930 3238 Theb.
950 3191 976 3250 1,
996 3189 1032 3239 57

87 3272 141 3309 nus
159 3256 259 3328 (DQ,
283 3256 395 3311 imus&
451 3256 630 3327 auetQQ,
650 3258 756 3314 amets
812 3255 939 3321 92=1,
953 3259 980 3322 2,
994 3259 1032 3310 27

88 3328 165 3381 >nius
187 3332 209 3381 Φ
282 3328 320 3381 03
340 3329 364 3382 si
383 3344 456 3395 qnae
474 3329 511 3398 Θ
528 3328 606 3381 schol.
627 3328 698 3394 PV,
718 3327 799 3396 siqua
817 3327 855 3450 qq
928 3324 966 3380 94
986 3343 1031 3380 ca-

88 3398 125 3452 'mi
149 3416 167 3452 a
187 3400 289 3469 Porph.
309 3401 354 3469 (ef.
373 3401 453 3455 schol.
473 3399 640 3468 ΝΜΟ,
659 3402 719 3468 18),
743 3398 836 3467 capito
849 3397 904 3450 inis
924 3397 1031 3470 ΒΕΘ

96 3470 176 3525 aliud
198 3472 247 3542 (D,
276 3470 385 3540 aliquid
408 3471 446 3543 Q
538 3469 594 3524 105
623 3470 748 3523 insueuit
770 3470 806 3540 Q)
827 3469 865 3540 (τῇ
894 3470 1030 3538 (Brund),

87 3542 116 3596 it
131 3560 147 3601 ς
217 3541 285 3597 107.
302 3543 358 3596 108
373 3544 405 3598 ob
420 3544 506 3611 atque
520 3544 703 3611 postpositam
718 3542 798 3610 (male
812 3541 1029 3611 interpretando)

87 3614 192 3670 {Prisc
208 3618 253 3681 16,
268 3619 349 3684 1610.
364 3618 462 3682 105,1
