2400 3968
120 194 140 257 6
420 191 577 248 SVETONI
595 193 683 247 VITA
700 191 839 262 HORATl

120 338 177 402 sed
202 339 306 402 multo
334 339 439 425 magis
468 337 620 409 extremis
648 337 776 403 iudiciis
804 338 863 401 tali
887 339 927 401 ad
949 336 1139 423 Augustum
1184 406 1186 413 ,

120 427 240 513 elogio:
258 428 377 493 Horati
398 426 511 492 ilorci
530 434 566 492 mi
587 427 648 492 mei
670 433 731 492 esto
754 448 877 492 memor.

209 515 377 603 Augustus
401 516 612 601 epistularum
636 538 763 600 quoque
787 517 817 580 ei
841 517 985 580 officium
1008 515 1140 599 obtulit,

119 605 198 690 <ut>
220 605 282 670 hcc
311 607 351 670 ad
373 606 590 671 Maecenatem
619 605 739 690 scripto
769 604 944 690 significat:
972 611 1045 670 orote
1072 608 1140 688 ipsc

93 695 312 778 ssafficiebom
335 696 506 761 satiandos
527 695 668 776 epistulis
690 697 878 760 amicorum:
905 715 989 760 mccc
1010 715 1141 777 occupo-

120 786 260 850 tissimms
291 791 319 849 et
349 786 498 868 infirmus
524 784 696 849 Horatium
726 790 865 849 rostrum
897 785 960 867 (o)
994 790 1022 848 tc
1048 787 1140 866 cupio

120 873 275 938 obducere.
315 877 415 939 corriet
435 895 504 957 erpo
528 873 567 937 ab
589 876 653 938 isto
669 874 849 956 parasitico
871 894 978 938 memso
996 874 1041 937 od
1057 875 1142 938 hono

119 964 239 1045 repiom
267 965 295 1027 ct
321 984 378 1028 mos
404 965 440 1027 iro
465 963 606 1046 epistulis
627 963 797 1028 scribendis
820 963 991 1028 adiuvabit.
1038 985 1075 1026 ac
1099 985 1140 1026 ne

121 1053 282 1116 recusanti
296 1053 426 1136 quidem
440 1056 496 1116 aut
511 1052 693 1115 succensuit
707 1050 879 1135 quicquam
894 1056 951 1116 aut
962 1051 1141 1116 amicitiam

80 1167 106 1206 10
120 1162 211 1204 suam
230 1142 374 1226 ingerere
394 1141 497 1205 desiit.
539 1144 668 1204 exstant
686 1141 852 1224 epistulae,
872 1162 889 1205 e
909 1141 1026 1224 quibus
1045 1163 1142 1226 argu—

120 1230 221 1293 menti
256 1230 361 1315 gratia
392 1252 495 1313 pauca
526 1229 660 1293 subieci:
697 1251 783 1294 sume
814 1230 872 1294 tibi
902 1230 1027 1312 aliquid
1056 1231 1142 1294 iuris

119 1317 207 1400 opud
229 1340 284 1397 me,
308 1325 469 1402 tochom
491 1321 521 1384 si
543 1321 694 1384 convictor
717 1319 797 1383 miti
816 1320 932 1400 fuerim
955 1324 1033 1383 rorte
1055 1321 1141 1383 emim

119 1413 149 1472 ot
169 1429 233 1473 riom
255 1415 364 1474 temere
383 1410 505 1490 feceris,
528 1411 678 1491 ommium
700 1409 738 1472 id
757 1428 834 1473 usus
856 1408 935 1472 miti
957 1414 1054 1472 tecum
1077 1428 1143 1473 csse

120 1497 217 1581 coici,
244 1499 274 1563 si
292 1519 353 1580 por
374 1498 582 1563 cuimodirtom
605 1504 692 1563 tuom
714 1499 786 1580 ficri
801 1499 911 1579 possit.
958 1493 1141 1562 et'rursus:

80 1610 106 1651 rs
120 1587 167 1650 tui
185 1587 307 1668 quatem
325 1587 454 1652 hoocom
473 1590 664 1666 memoriam,
677 1588 796 1669 poteris
809 1607 846 1652 cro
860 1584 1009 1669 Septimio
1023 1607 1143 1668 quoque

120 1680 223 1740 mostro
255 1677 383 1753 acirim
415 1698 492 1741 riom
519 1678 633 1740 incidit
657 1682 693 1740 ct
718 1676 772 1740 ilio
800 1696 904 1741 comm
930 1677 1017 1759 [ieret
1043 1696 1064 1738 o
1093 1696 1143 1740 mc

121 1766 168 1853 tui
184 1765 307 1830 ‘mortio
343 1786 439 1848 meque
456 1767 540 1830 emim
557 1768 587 1831 si
603 1771 636 1830 tm
649 1765 798 1847 superbus
810 1767 986 1830 amicitiam
1000 1771 1141 1830 rostram

120 1855 271 1935 sprevisti,
295 1855 363 1919 ideo
383 1875 440 1919 mos
457 1875 573 1938 quoque
592 1855 932 1934 ἀντυπερηφανοῦμεν.
973 1857 1142 1938 praeterea

121 1964 215 2026 saepe
244 1965 317 2007 cum
345 1943 430 2007 inter
453 1944 533 2008 alios
557 1944 645 2008 iocos
670 1943 892 2027 ‘purissimum
914 1943 1084 2026 pene<m>'
1108 1945 1141 2006 et

81 2057 108 2096 rc
122 2030 382 2097 ‘homuncionem
404 2032 651 2115 lepidissimum'
676 2032 818 2116 appellat
840 2053 969 2115 unaque
988 2035 1021 2096 et
1039 2031 1142 2096 altera

120 2119 315 2185 liberalitate
350 2121 569 2205 locupletavit.
623 2121 744 2205 scripta
776 2121 904 2204 quidem
937 2121 1006 2186 eius
1037 2142 1141 2204 usque

121 2209 201 2274 adeo
228 2210 380 2293 probavit
406 2232 622 2294 mansuraque
649 2214 805 2293 perpetua
833 2212 983 2293 opinatus
1011 2213 1073 2293 est,
1104 2213 1142 2272 ut

121 2320 187 2362 non
219 2300 316 2364 modo
345 2300 506 2364 saeculare
534 2322 661 2365 carmen
690 2300 935 2382 conponendum
963 2298 1142 2363 iniunxerit

123 2388 229 2452 sedet
248 2387 451 2456 Vindelicum
469 2390 637 2454 victoriam
656 2387 778 2452 Tiberii
795 2388 957 2472 Drusique
975 2387 1140 2472 privigno·

82 2501 107 2544 rs
121 2499 195 2541 rum
223 2500 354 2543 suorum
380 2501 517 2563 eumque
540 2479 682 2564 coegerit
704 2482 838 2561 propter
860 2477 922 2542 hoc
945 2477 1050 2541 tribus
1074 2497 1142 2540 car-

122 2568 246 2630 minum
283 2568 376 2632 libris
413 2591 453 2632 ex
488 2568 586 2654 longo
624 2567 793 2633 intervallo
827 2571 978 2651 quartum
1011 2566 1142 2650 addere3

121 2660 198 2740 post
224 2678 386 2721 sermones
413 2679 489 2721 vero
518 2658 673 2740 quosdam
701 2656 801 2721 lectos
829 2656 952 2719 nullam
981 2655 1030 2718 sui
1054 2676 1143 2718 men-

122 2744 242 2810 tionem
276 2745 421 2811 habitam
453 2747 499 2810 ita
527 2748 569 2810 sit
597 2749 743 2830 questus:
775 2748 873 2810 irasci
900 2766 948 2809 me
974 2745 1031 2808 tibi
1057 2745 1141 2822 scito,

123 2836 205 2916 quod
222 2855 285 2899 mort
299 2838 334 2900 irr
341 2837 500 2919 plerisque
513 2837 664 2900 eiusmodi
677 2837 802 2916 scrr'ptis
815 2856 932 2899 mecum
940 2834 1142 2916 potissimum

82 2949 108 2988 so
122 2924 268 3006 loquertis.
314 2947 358 2990 oro
384 2928 500 2991 cereris
525 2947 565 2990 roc
590 2926 678 3007 opud
697 2931 836 3007 posteros
862 2925 984 3005 imfomc
1010 2922 1067 2986 tibi
1091 2924 1141 3000 sit,

195 3081 211 3134 1
231 3081 345 3136 iudiciis
364 3099 414 3138 om.
430 3083 534 3137 errri.
593 3081 612 3135 ‹⁰›
627 3083 771 3150 Augustus
791 3081 975 3150 epistularum
989 3111 1024 3119 —
1039 3078 1142 3132 Caesar

124 3155 189 3220 (pi
200 3154 339 3222 i.6)om.s
398 3152 742 3227 4<ut>odd.Lambimms
796 3150 1142 3206 creseribendiso.Jom

124 3222 514 3296 tt<a>Normius‚om.codd.
554 3225 784 3294 iadducerett?)
795 3242 818 3293 p
833 3225 962 3277 Muretus
999 3221 1143 3275 Siuvabit

119 3311 142 3364 p
169 3297 304 3350 Nommias
399 3295 437 3350 14
464 3316 503 3351 aro
530 3296 689 3365 potuisset?
784 3295 821 3350 18
850 3299 1142 3361 ἀνθυπερηφανοῦμεν

125 3365 317 3434 Cosambmms,
351 3386 615 3437 ανεπερεφανουμεν
643 3368 733 3437 Frp,
767 3383 1002 3435 αντηρφανουμεν
1034 3365 1140 3418 Biamd.

125 3437 163 3491 19
177 3454 278 3506 penem
288 3441 425 3508 Muretus,
440 3455 512 3508 pene
526 3440 603 3494 codd.
654 3437 692 3493 20
706 3440 798 3492 rrroiim
815 3436 981 3506 appellabat
1026 3434 1063 3489 22
1078 3451 1143 3503 per·

123 3510 209 3577 petuo
223 3510 378 3580 Blomd.(?)
434 3511 565 3580 opinatus
584 3514 627 3565 est
644 3527 693 3564 om.
710 3510 813 3564 Blamd.
870 3508 953 3574 itaq.
969 3506 1142 3560 mentionem

124 3579 230 3634 factam
249 3584 412 3649 Lambirms,
430 3583 568 3636 rationem
586 3582 714 3635 habitam
734 3583 767 3635 L.
785 3582 889 3634 Mitior
