2400 3968
382 111 487 166 EPOD.
508 118 532 166 6.
554 118 577 166 7.
928 111 993 177 153

105 281 195 342 eave,
219 280 308 341 cave,
331 279 471 340 namque
495 257 528 320 in
552 259 655 322 malos
678 259 873 342 asperrimus

149 352 263 431 parata
286 347 366 412 tollo
391 368 524 429 cornua,

106 439 213 520 qualis
236 435 416 520 Lycambae
441 439 568 518 spretus
591 436 691 501 infido
716 457 814 522 gener

150 530 206 589 aut
228 547 301 590 acer
324 525 428 589 hostis
451 524 586 608 Bupalo.

106 638 146 678 au
170 617 198 679 si
222 616 295 699 quis
318 618 389 678 atro
413 614 508 677 dente
531 636 582 677 me
605 614 771 697 petiverit,

149 705 273 769 inultus
296 708 334 767 ut
356 702 440 766 flebo
464 703 565 786 puer?

444 1005 516 1072 VH.

107 1115 190 1197 Quo,
214 1136 277 1198 quo
302 1115 429 1180 scelesti
451 1114 568 1179 mitis?
592 1117 648 1178 aut
671 1135 728 1179 our
751 1114 892 1178 dexteris

149 1207 302 1287 aptantur
325 1226 416 1268 enses
439 1204 583 1269 conditi?

105 1314 260 1375 parumne
283 1295 405 1377 eampis
429 1298 525 1376 atque
547 1292 702 1377 Neptuno
727 1313 823 1376 super

150 1382 259 1445 fusum
283 1386 332 1447 est
353 1383 463 1446 Latini
487 1383 667 1468 sanguinis,

104 1493 170 1535 non
193 1475 230 1534 ut
253 1470 407 1555 superbas
431 1472 558 1536 invidae
581 1471 793 1555 Karthaginis

149 1559 316 1624 Romanus
339 1582 428 1626 aroes
451 1566 572 1644 ureret,

104 1651 245 1714 intaotus
268 1653 324 1712 aut
346 1650 522 1715 Britannus
545 1653 583 1714 ut
606 1649 811 1714 descenderet

150 1760 240 1803 saera
264 1742 430 1803 catenatus
452 1741 518 1823 ria,

104 1827 160 1891 sed
183 1832 220 1891 ut
243 1828 418 1892 seeundum
442 1833 518 1893 vota
541 1828 736 1892 Parthorum
761 1850 818 1892 sua

149 1916 236 1981 Vrbs
259 1918 338 1982 haee
360 1919 482 2001 periret
506 1917 658 1982 dextera?

102 2028 210 2088 neque
232 2006 287 2070 hio
309 2009 395 2090 lupis
418 2028 490 2071 mos
512 2029 572 2072 neo
593 2007 657 2071 fuit
680 2006 827 2070 leonibus

149 2117 303 2178 umquam
325 2097 389 2160 nisi
412 2098 447 2160 in
470 2097 579 2180 dispar
601 2096 686 2160 feris.

102 2185 237 2249 furorne
260 2206 371 2249 oaeoos
395 2208 435 2248 au
459 2188 544 2268 rapit
567 2187 616 2249 vis
640 2185 745 2272 aerior

150 2295 191 2336 au
214 2274 331 2357 eulpa?
376 2296 566 2358 responsum
590 2274 672 2338 date.
801 2343 817 2356 Μ

104 2366 212 2426 tacent
235 2367 267 2426 et
290 2363 384 2428 albus
408 2386 463 2427 ora
486 2363 592 2447 pallor
615 2364 719 2427 infioit
791 2358 793 2365 ⁴

148 2455 336 2536 mentesque
359 2453 525 2536 perculsae
549 2456 688 2535 stupent.

105 2543 152 2605 sio
176 2544 237 2604 est:
261 2541 376 2606 acerba
398 2541 465 2606 fata
488 2542 652 2606 Romanos
676 2544 777 2628 agrmt

150 2629 318 2715 scelusque
341 2632 500 2695 fraternae
523 2632 623 2714 neeis,

104 2723 141 2783 ut
165 2721 353 2784 inmerentis
377 2721 471 2784 fluxit
494 2722 528 2783 iu
552 2725 670 2784 terram
694 2719 788 2784 Remi

150 2829 239 2872 saoer
261 2809 434 2893 nepotibus
458 2832 560 2875 eruor.

87 2967 206 3020 :ABG
276 2967 413 3038 ΘτΙὲΦ

98 3107 235 3175 petiuerit
253 3109 289 3178 Q)
306 3109 357 3180 Θ,
377 3110 548 3179 oppetiuerit
568 3113 591 3163 Φ

99 3179 114 3231 1
136 3179 258 3232 dexteris
277 3180 315 3251 ᾧ
333 3181 471 3250 (metrici),
497 3181 602 3234 dextris
622 3182 697 3252 (Dd1
804 3181 822 3235 2
842 3184 992 3249 raptantur

86 3249 93 3301 l
141 3250 177 3304 12
192 3268 327 3319 umquam
341 3253 432 3324 ΘΘ,
446 3270 599 3320 numquam
616 3271 631 3311 ς
647 3255 763 3322 Bentley
809 3252 847 3306 13
862 3267 991 3311 oaeoosg

87 3363 96 3388 ‚
124 3337 224 3375 caecus
243 3324 279 3394 Q)
297 3323 335 3394 Θ
421 3323 458 3377 15
478 3323 558 3377 albus
578 3341 627 3377 ora
645 3323 738 3393 pallor
755 3324 804 3393 Q),
832 3339 881 3377 ora
899 3323 993 3392 pallor

87 3393 108 3465 D
182 3394 217 3447 17
238 3395 340 3448 acerba
358 3395 377 3449 f.
397 3396 429 3448 R.
448 3398 580 3463 premunt
604 3399 662 3465 (sic)
682 3413 718 3448 so.
739 3413 766 3462 q.
785 3394 818 3447 fr.
838 3413 864 3447 n.
885 3397 918 3449 ob
936 3413 992 3450 rem

87 3467 158 3520 ictor.
174 3464 244 3520 star.
265 3467 346 3520 roeo.
360 3472 385 3533 1,
400 3471 455 3519 185
