<?xml version="1.0" encoding="UTF-8"?>
<!DOCTYPE html PUBLIC "-//W3C//DTD XHTML 1.0 Transitional//EN"
    "http://www.w3.org/TR/xhtml1/DTD/xhtml1-transitional.dtd">
<html xmlns="http://www.w3.org/1999/xhtml" xml:lang="en" lang="en">
 <head>
  <title>
</title>
<meta http-equiv="Content-Type" content="text/html;charset=utf-8" />
  <meta name='ocr-system' content='tesseract 3.04.00' />
  <meta name='ocr-capabilities' content='ocr_page ocr_carea ocr_par ocr_line ocrx_word'/>
</head>
<body>
  <div class='ocr_page' id='page_1' title='image "./qhoratiflaccica00vollgoog_0296.png"; bbox 0 0 2386 3974; ppageno 0'>
   <div class='ocr_carea' id='block_1_1' title="bbox 432 208 1075 274">
    <p class='ocr_par' dir='ltr' id='par_1_1' title="bbox 432 208 1075 274">
     <span class='ocr_line' id='line_1_1' title="bbox 432 208 1075 274; baseline -0.003 -12"><span class='ocrx_word' id='word_1_1' title='bbox 432 208 547 264; x_wconf 80' lang='lat' dir='ltr'>EPIST.</span> <span class='ocrx_word' id='word_1_2' title='bbox 565 208 578 261; x_wconf 92' lang='lat' dir='ltr'>I</span> <span class='ocrx_word' id='word_1_3' title='bbox 599 213 642 274; x_wconf 80' lang='lat'><strong>17,</strong></span> <span class='ocrx_word' id='word_1_4' title='bbox 661 212 702 261; x_wconf 88' lang='lat'><strong>18.</strong></span> <span class='ocrx_word' id='word_1_5' title='bbox 1011 208 1075 272; x_wconf 79' lang='grc'><strong>281</strong></span> 
     </span>
    </p>
   </div>
   <div class='ocr_carea' id='block_1_2' title="bbox 55 352 1068 2845">
    <p class='ocr_par' dir='ltr' id='par_1_2' title="bbox 55 352 1066 528">
     <span class='ocr_line' id='line_1_2' title="bbox 56 352 1066 439; baseline 0.003 -21"><span class='ocrx_word' id='word_1_6' title='bbox 56 353 260 439; x_wconf 87' lang='lat' dir='ltr'><strong>principibus</strong></span> <span class='ocrx_word' id='word_1_7' title='bbox 283 354 442 439; x_wconf 78' lang='lat' dir='ltr'><strong>placuisse</strong></span> <span class='ocrx_word' id='word_1_8' title='bbox 465 354 544 418; x_wconf 84' lang='lat' dir='ltr'><strong>viris</strong></span> <span class='ocrx_word' id='word_1_9' title='bbox 567 375 633 417; x_wconf 90' lang='grc'>11011</span> <span class='ocrx_word' id='word_1_10' title='bbox 655 352 771 417; x_wconf 91' lang='lat' dir='ltr'><strong>ultima</strong></span> <span class='ocrx_word' id='word_1_11' title='bbox 793 353 864 418; x_wconf 87' lang='lat' dir='ltr'><strong>laus</strong></span> <span class='ocrx_word' id='word_1_12' title='bbox 888 359 945 419; x_wconf 90' lang='lat' dir='ltr'><strong>est.</strong></span> <span class='ocrx_word' id='word_1_13' title='bbox 1041 381 1066 421; x_wconf 82' lang='lat' dir='ltr'><strong>as</strong></span> 
     </span>
     <span class='ocr_line' id='line_1_3' title="bbox 55 441 918 528; baseline 0.001 -21"><span class='ocrx_word' id='word_1_14' title='bbox 55 467 122 509; x_wconf 90' lang='lat' dir='ltr'><strong>non</strong></span> <span class='ocrx_word' id='word_1_15' title='bbox 147 443 250 509; x_wconf 87' lang='lat' dir='ltr'><strong>cuivis</strong></span> <span class='ocrx_word' id='word_1_16' title='bbox 273 443 399 508; x_wconf 89' lang='lat' dir='ltr'><strong>homini</strong></span> <span class='ocrx_word' id='word_1_17' title='bbox 422 443 583 528; x_wconf 87' lang='lat' dir='ltr'><strong>contingit</strong></span> <span class='ocrx_word' id='word_1_18' title='bbox 606 442 692 506; x_wconf 87' lang='lat' dir='ltr'><strong>adire</strong></span> <span class='ocrx_word' id='word_1_19' title='bbox 717 441 918 508; x_wconf 72' lang='lat' dir='ltr'><strong>Corinthum.</strong></span> 
     </span>
    </p>

    <p class='ocr_par' dir='ltr' id='par_1_3' title="bbox 56 531 864 618">
     <span class='ocr_line' id='line_1_4' title="bbox 56 531 864 618; baseline 0 -21"><span class='ocrx_word' id='word_1_20' title='bbox 56 533 142 598; x_wconf 91' lang='lat' dir='ltr'><strong>sedit</strong></span> <span class='ocrx_word' id='word_1_21' title='bbox 165 533 220 617; x_wconf 91' lang='lat' dir='ltr'><strong>qui</strong></span> <span class='ocrx_word' id='word_1_22' title='bbox 245 532 367 618; x_wconf 84' lang='lat' dir='ltr'><strong>timuit,</strong></span> <span class='ocrx_word' id='word_1_23' title='bbox 391 554 431 597; x_wconf 91' lang='grc'><strong>110</strong></span> <span class='ocrx_word' id='word_1_24' title='bbox 454 555 521 598; x_wconf 91' lang='lat' dir='ltr'><strong>non</strong></span> <span class='ocrx_word' id='word_1_25' title='bbox 544 531 736 596; x_wconf 88' lang='lat' dir='ltr'><strong>succederet.</strong></span> <span class='ocrx_word' id='word_1_26' title='bbox 774 531 864 597; x_wconf 75' lang='lat' dir='ltr'><strong>‘este</strong></span> 
     </span>
    </p>

    <p class='ocr_par' dir='ltr' id='par_1_4' title="bbox 56 619 866 706">
     <span class='ocr_line' id='line_1_5' title="bbox 56 619 866 706; baseline 0 -20"><span class='ocrx_word' id='word_1_27' title='bbox 56 621 157 706; x_wconf 80' lang='lat' dir='ltr'><strong>quid?</strong></span> <span class='ocrx_word' id='word_1_28' title='bbox 181 622 237 705; x_wconf 91' lang='lat' dir='ltr'><strong>qui</strong></span> <span class='ocrx_word' id='word_1_29' title='bbox 259 621 407 706; x_wconf 88' lang='lat' dir='ltr'><strong>pervenit</strong></span> <span class='ocrx_word' id='word_1_30' title='bbox 428 622 548 687; x_wconf 85' lang='lat' dir='ltr'><strong>fecitne</strong></span> <span class='ocrx_word' id='word_1_31' title='bbox 570 619 740 685; x_wconf 80' lang='lat' dir='ltr'><strong>viriliter?&#39;</strong></span> <span class='ocrx_word' id='word_1_32' title='bbox 775 623 866 705; x_wconf 90' lang='lat' dir='ltr'><strong>atqui</strong></span> 
     </span>
    </p>

    <p class='ocr_par' dir='ltr' id='par_1_5' title="bbox 55 709 1068 1241">
     <span class='ocr_line' id='line_1_6' title="bbox 55 709 1026 795; baseline 0 -20"><span class='ocrx_word' id='word_1_33' title='bbox 55 712 110 776; x_wconf 88' lang='lat' dir='ltr'><strong>hic</strong></span> <span class='ocrx_word' id='word_1_34' title='bbox 125 715 174 775; x_wconf 90' lang='lat' dir='ltr'><strong>est</strong></span> <span class='ocrx_word' id='word_1_35' title='bbox 183 715 239 775; x_wconf 88' lang='lat' dir='ltr'><strong>aut</strong></span> <span class='ocrx_word' id='word_1_36' title='bbox 247 733 417 795; x_wconf 89' lang='lat' dir='ltr'><strong>nusquam,</strong></span> <span class='ocrx_word' id='word_1_37' title='bbox 427 711 514 795; x_wconf 90' lang='lat' dir='ltr'><strong>quod</strong></span> <span class='ocrx_word' id='word_1_38' title='bbox 524 710 716 794; x_wconf 87' lang='lat' dir='ltr'><strong>quaerimus.</strong></span> <span class='ocrx_word' id='word_1_39' title='bbox 752 709 806 774; x_wconf 91' lang='lat' dir='ltr'><strong>hic</strong></span> <span class='ocrx_word' id='word_1_40' title='bbox 816 733 897 776; x_wconf 87' lang='lat' dir='ltr'><strong>onus</strong></span> <span class='ocrx_word' id='word_1_41' title='bbox 906 712 1026 790; x_wconf 88' lang='lat' dir='ltr'><strong>horret,</strong></span> 
     </span>
     <span class='ocr_line' id='line_1_7' title="bbox 56 799 1068 885; baseline 0.003 -21"><span class='ocrx_word' id='word_1_42' title='bbox 56 806 95 864; x_wconf 93' lang='lat' dir='ltr'><strong>ut</strong></span> <span class='ocrx_word' id='word_1_43' title='bbox 117 801 226 884; x_wconf 80' lang='lat' dir='ltr'><strong>parvis</strong></span> <span class='ocrx_word' id='word_1_44' title='bbox 249 801 365 864; x_wconf 89' lang='lat' dir='ltr'><strong>animis</strong></span> <span class='ocrx_word' id='word_1_45' title='bbox 389 805 421 864; x_wconf 90' lang='lat' dir='ltr'><strong>et</strong></span> <span class='ocrx_word' id='word_1_46' title='bbox 444 822 543 885; x_wconf 87' lang='lat' dir='ltr'><strong>parvo</strong></span> <span class='ocrx_word' id='word_1_47' title='bbox 567 820 701 883; x_wconf 89' lang='lat' dir='ltr'><strong>corpore</strong></span> <span class='ocrx_word' id='word_1_48' title='bbox 724 799 841 884; x_wconf 82' lang='lat' dir='ltr'><strong>maius3</strong></span> <span class='ocrx_word' id='word_1_49' title='bbox 1041 827 1068 867; x_wconf 80' lang='grc'><strong>10</strong></span> 
     </span>
     <span class='ocr_line' id='line_1_8' title="bbox 56 889 1003 974; baseline 0 -21"><span class='ocrx_word' id='word_1_50' title='bbox 56 891 111 954; x_wconf 88' lang='lat' dir='ltr'><strong>hie</strong></span> <span class='ocrx_word' id='word_1_51' title='bbox 135 889 222 953; x_wconf 81' lang='lat' dir='ltr'>subit</span> <span class='ocrx_word' id='word_1_52' title='bbox 245 893 277 953; x_wconf 90' lang='lat' dir='ltr'><strong>et</strong></span> <span class='ocrx_word' id='word_1_53' title='bbox 300 889 429 973; x_wconf 80' lang='lat' dir='ltr'><strong>perfert.</strong></span> <span class='ocrx_word' id='word_1_54' title='bbox 475 893 531 953; x_wconf 87' lang='lat' dir='ltr'><strong>aut</strong></span> <span class='ocrx_word' id='word_1_55' title='bbox 554 890 657 954; x_wconf 85' lang='lat' dir='ltr'><strong>virtus</strong></span> <span class='ocrx_word' id='word_1_56' title='bbox 680 911 800 953; x_wconf 91' lang='lat' dir='ltr'><strong>nomen</strong></span> <span class='ocrx_word' id='word_1_57' title='bbox 823 889 918 953; x_wconf 90' lang='lat' dir='ltr'><strong>inane</strong></span> <span class='ocrx_word' id='word_1_58' title='bbox 942 894 1003 974; x_wconf 85' lang='lat' dir='ltr'><strong>est,</strong></span> 
     </span>
     <span class='ocr_line' id='line_1_9' title="bbox 57 977 941 1063; baseline 0 -21"><span class='ocrx_word' id='word_1_59' title='bbox 57 984 114 1042; x_wconf 84' lang='lat' dir='ltr'><strong>aut</strong></span> <span class='ocrx_word' id='word_1_60' title='bbox 138 979 234 1042; x_wconf 90' lang='lat' dir='ltr'><strong>decus</strong></span> <span class='ocrx_word' id='word_1_61' title='bbox 258 982 291 1042; x_wconf 88' lang='lat' dir='ltr'><strong>et</strong></span> <span class='ocrx_word' id='word_1_62' title='bbox 313 979 455 1063; x_wconf 86' lang='lat' dir='ltr'><strong>pretium</strong></span> <span class='ocrx_word' id='word_1_63' title='bbox 478 982 565 1042; x_wconf 90' lang='lat' dir='ltr'><strong>recte</strong></span> <span class='ocrx_word' id='word_1_64' title='bbox 587 977 672 1062; x_wconf 89' lang='lat' dir='ltr'><strong>petit</strong></span> <span class='ocrx_word' id='word_1_65' title='bbox 694 978 860 1062; x_wconf 87' lang='lat' dir='ltr'><strong>experiens</strong></span> <span class='ocrx_word' id='word_1_66' title='bbox 883 979 941 1042; x_wconf 84' lang='lat' dir='ltr'><strong>vir.</strong></span> 
     </span>
     <span class='ocr_line' id='line_1_10' title="bbox 58 1068 1051 1152; baseline -0.002 -20"><span class='ocrx_word' id='word_1_67' title='bbox 58 1090 166 1132; x_wconf 88' lang='lat' dir='ltr'><strong>ceram</strong></span> <span class='ocrx_word' id='word_1_68' title='bbox 189 1089 265 1152; x_wconf 86' lang='lat' dir='ltr'><strong>rege</strong></span> <span class='ocrx_word' id='word_1_69' title='bbox 289 1090 347 1133; x_wconf 89' lang='lat' dir='ltr'><strong>suo</strong></span> <span class='ocrx_word' id='word_1_70' title='bbox 372 1068 410 1131; x_wconf 94' lang='lat' dir='ltr'><strong>de</strong></span> <span class='ocrx_word' id='word_1_71' title='bbox 433 1071 623 1152; x_wconf 84' lang='lat' dir='ltr'><strong>paupertate</strong></span> <span class='ocrx_word' id='word_1_72' title='bbox 645 1069 789 1132; x_wconf 87' lang='lat' dir='ltr'><strong>tacentes</strong></span> <span class='ocrx_word' id='word_1_73' title='bbox 1048 1149 1051 1152; x_wconf 7' lang='grc' dir='ltr'><strong><em>ἦ</em></strong></span> 
     </span>
     <span class='ocr_line' id='line_1_11' title="bbox 55 1156 940 1241; baseline -0.001 -21"><span class='ocrx_word' id='word_1_74' title='bbox 55 1156 131 1241; x_wconf 91' lang='lat' dir='ltr'><strong>plus</strong></span> <span class='ocrx_word' id='word_1_75' title='bbox 154 1160 308 1240; x_wconf 88' lang='lat' dir='ltr'><strong>poscente</strong></span> <span class='ocrx_word' id='word_1_76' title='bbox 330 1157 448 1221; x_wconf 87' lang='lat' dir='ltr'><strong>ferent:</strong></span> <span class='ocrx_word' id='word_1_77' title='bbox 472 1157 585 1240; x_wconf 83' lang='lat' dir='ltr'><strong>distat,</strong></span> <span class='ocrx_word' id='word_1_78' title='bbox 608 1178 758 1220; x_wconf 83' lang='lat' dir='ltr'><strong>sumasne</strong></span> <span class='ocrx_word' id='word_1_79' title='bbox 780 1156 940 1239; x_wconf 91' lang='lat' dir='ltr'><strong>pudenter</strong></span> 
     </span>
    </p>

    <p class='ocr_par' dir='ltr' id='par_1_6' title="bbox 56 1245 1067 1419">
     <span class='ocr_line' id='line_1_12' title="bbox 58 1245 1067 1330; baseline 0.003 -21"><span class='ocrx_word' id='word_1_80' title='bbox 58 1269 99 1309; x_wconf 90' lang='lat' dir='ltr'><strong>an</strong></span> <span class='ocrx_word' id='word_1_81' title='bbox 122 1246 237 1329; x_wconf 84' lang='lat' dir='ltr'><strong>rapias</strong></span> <span class='ocrx_word' id='word_1_82' title='bbox 284 1247 375 1330; x_wconf 90' lang='lat' dir='ltr'><strong>atqui</strong></span> <span class='ocrx_word' id='word_1_83' title='bbox 398 1269 505 1311; x_wconf 89' lang='lat' dir='ltr'><strong>rerum</strong></span> <span class='ocrx_word' id='word_1_84' title='bbox 530 1249 628 1329; x_wconf 88' lang='lat' dir='ltr'><strong>caput</strong></span> <span class='ocrx_word' id='word_1_85' title='bbox 648 1245 712 1309; x_wconf 91' lang='lat' dir='ltr'><strong>hoc</strong></span> <span class='ocrx_word' id='word_1_86' title='bbox 735 1249 816 1328; x_wconf 84' lang='lat' dir='ltr'><strong>erat,</strong></span> <span class='ocrx_word' id='word_1_87' title='bbox 839 1245 894 1311; x_wconf 91' lang='lat' dir='ltr'><strong>hic</strong></span> <span class='ocrx_word' id='word_1_88' title='bbox 916 1246 999 1311; x_wconf 85' lang='lat' dir='ltr'><strong>fons</strong></span> <span class='ocrx_word' id='word_1_89' title='bbox 1040 1272 1067 1312; x_wconf 75' lang='grc'><strong>10</strong></span> 
     </span>
     <span class='ocr_line' id='line_1_13' title="bbox 56 1334 879 1419; baseline 0 -21"><span class='ocrx_word' id='word_1_90' title='bbox 56 1335 216 1400; x_wconf 76' lang='lat' dir='ltr'><strong>‘indotata</strong></span> <span class='ocrx_word' id='word_1_91' title='bbox 238 1336 320 1399; x_wconf 91' lang='lat' dir='ltr'><strong>mihi</strong></span> <span class='ocrx_word' id='word_1_92' title='bbox 344 1358 437 1401; x_wconf 89' lang='lat' dir='ltr'><strong>soror</strong></span> <span class='ocrx_word' id='word_1_93' title='bbox 460 1339 522 1419; x_wconf 78' lang='lat' dir='ltr'><strong>est,</strong></span> <span class='ocrx_word' id='word_1_94' title='bbox 546 1334 742 1419; x_wconf 87' lang='lat' dir='ltr'><strong>paupercula</strong></span> <span class='ocrx_word' id='word_1_95' title='bbox 764 1338 879 1417; x_wconf 86' lang='lat' dir='ltr'><strong>mater,</strong></span> 
     </span>
    </p>

    <p class='ocr_par' dir='ltr' id='par_1_7' title="bbox 57 1424 891 1507">
     <span class='ocr_line' id='line_1_14' title="bbox 57 1424 891 1507; baseline -0.001 -19"><span class='ocrx_word' id='word_1_96' title='bbox 57 1429 91 1489; x_wconf 91' lang='lat' dir='ltr'><strong>et</strong></span> <span class='ocrx_word' id='word_1_97' title='bbox 112 1424 233 1488; x_wconf 82' lang='lat' dir='ltr'><strong>fundus</strong></span> <span class='ocrx_word' id='word_1_98' title='bbox 256 1446 316 1488; x_wconf 90' lang='lat' dir='ltr'><strong>nec</strong></span> <span class='ocrx_word' id='word_1_99' title='bbox 338 1425 509 1488; x_wconf 84' lang='lat' dir='ltr'><strong>vendibilis</strong></span> <span class='ocrx_word' id='word_1_100' title='bbox 532 1447 591 1488; x_wconf 90' lang='lat' dir='ltr'><strong>nec</strong></span> <span class='ocrx_word' id='word_1_101' title='bbox 614 1445 744 1507; x_wconf 87' lang='lat' dir='ltr'><strong>pascere</strong></span> <span class='ocrx_word' id='word_1_102' title='bbox 767 1424 891 1488; x_wconf 86' lang='lat' dir='ltr'><strong>firmus&#39;</strong></span> 
     </span>
    </p>

    <p class='ocr_par' dir='ltr' id='par_1_8' title="bbox 58 1513 934 1597">
     <span class='ocr_line' id='line_1_15' title="bbox 58 1513 934 1597; baseline 0.001 -21"><span class='ocrx_word' id='word_1_103' title='bbox 58 1514 115 1597; x_wconf 90' lang='lat' dir='ltr'><strong>qui</strong></span> <span class='ocrx_word' id='word_1_104' title='bbox 137 1513 229 1596; x_wconf 80' lang='lat' dir='ltr'><strong>dicit,</strong></span> <span class='ocrx_word' id='word_1_105' title='bbox 252 1515 370 1578; x_wconf 90' lang='lat' dir='ltr'><strong>clamat</strong></span> <span class='ocrx_word' id='word_1_106' title='bbox 394 1514 528 1578; x_wconf 78' lang='lat' dir='ltr'><strong>‘victum</strong></span> <span class='ocrx_word' id='word_1_107' title='bbox 551 1513 644 1577; x_wconf 69' lang='lat' dir='ltr'><strong>date.&gt;</strong></span> <span class='ocrx_word' id='word_1_108' title='bbox 692 1513 829 1577; x_wconf 74' lang='lat' dir='ltr'><strong>succinit</strong></span> <span class='ocrx_word' id='word_1_109' title='bbox 852 1513 934 1577; x_wconf 87' lang='lat' dir='ltr'><strong>alter</strong></span> 
     </span>
    </p>

    <p class='ocr_par' dir='ltr' id='par_1_9' title="bbox 58 1602 877 1686">
     <span class='ocr_line' id='line_1_16' title="bbox 58 1602 877 1686; baseline 0 -20"><span class='ocrx_word' id='word_1_110' title='bbox 58 1605 103 1666; x_wconf 79' lang='lat' dir='ltr'><strong>‘et</strong></span> <span class='ocrx_word' id='word_1_111' title='bbox 125 1602 227 1666; x_wconf 68' lang='lat' dir='ltr'><strong>mihi?</strong></span> <span class='ocrx_word' id='word_1_112' title='bbox 274 1602 404 1668; x_wconf 87' lang='lat' dir='ltr'><strong>dividuo</strong></span> <span class='ocrx_word' id='word_1_113' title='bbox 428 1602 569 1667; x_wconf 87' lang='lat' dir='ltr'><strong>findetur</strong></span> <span class='ocrx_word' id='word_1_114' title='bbox 591 1624 724 1666; x_wconf 90' lang='lat' dir='ltr'><strong>munere</strong></span> <span class='ocrx_word' id='word_1_115' title='bbox 748 1602 877 1686; x_wconf 84' lang='lat' dir='ltr'><strong>quadra.</strong></span> 
     </span>
    </p>

    <p class='ocr_par' dir='ltr' id='par_1_10' title="bbox 56 1691 1068 2131">
     <span class='ocr_line' id='line_1_17' title="bbox 58 1691 1068 1776; baseline 0.003 -21"><span class='ocrx_word' id='word_1_116' title='bbox 58 1692 114 1755; x_wconf 87' lang='lat' dir='ltr'><strong>sed</strong></span> <span class='ocrx_word' id='word_1_117' title='bbox 137 1692 255 1756; x_wconf 90' lang='lat' dir='ltr'><strong>tacitus</strong></span> <span class='ocrx_word' id='word_1_118' title='bbox 278 1693 369 1775; x_wconf 91' lang='lat' dir='ltr'><strong>pasci</strong></span> <span class='ocrx_word' id='word_1_119' title='bbox 392 1692 421 1755; x_wconf 90' lang='lat' dir='ltr'><strong>si</strong></span> <span class='ocrx_word' id='word_1_120' title='bbox 443 1696 555 1775; x_wconf 87' lang='lat' dir='ltr'><strong>posset</strong></span> <span class='ocrx_word' id='word_1_121' title='bbox 578 1714 705 1776; x_wconf 88' lang='lat' dir='ltr'><strong>corvos,</strong></span> <span class='ocrx_word' id='word_1_122' title='bbox 727 1691 861 1756; x_wconf 89' lang='lat' dir='ltr'><strong>haberet</strong></span> <span class='ocrx_word' id='word_1_123' title='bbox 1041 1719 1068 1758; x_wconf 79' lang='lat' dir='ltr'><strong>sc</strong></span> 
     </span>
     <span class='ocr_line' id='line_1_18' title="bbox 56 1780 909 1865; baseline 0 -21"><span class='ocrx_word' id='word_1_124' title='bbox 56 1782 131 1864; x_wconf 88' lang='lat' dir='ltr'><strong>plus</strong></span> <span class='ocrx_word' id='word_1_125' title='bbox 156 1781 246 1865; x_wconf 90' lang='lat' dir='ltr'><strong>dapis</strong></span> <span class='ocrx_word' id='word_1_126' title='bbox 270 1785 303 1845; x_wconf 90' lang='lat' dir='ltr'><strong>et</strong></span> <span class='ocrx_word' id='word_1_127' title='bbox 324 1783 413 1845; x_wconf 82' lang='lat' dir='ltr'><strong>rixae</strong></span> <span class='ocrx_word' id='word_1_128' title='bbox 438 1782 541 1846; x_wconf 90' lang='lat' dir='ltr'><strong>multo</strong></span> <span class='ocrx_word' id='word_1_129' title='bbox 565 1783 673 1845; x_wconf 90' lang='lat' dir='ltr'><strong>minus</strong></span> <span class='ocrx_word' id='word_1_130' title='bbox 696 1780 909 1864; x_wconf 81' lang='lat' dir='ltr'><strong>invidiaeque.</strong></span> 
     </span>
     <span class='ocr_line' id='line_1_19' title="bbox 56 1869 1026 1935; baseline 0.002 -2"><span class='ocrx_word' id='word_1_131' title='bbox 56 1870 266 1934; x_wconf 82' lang='lat' dir='ltr'><strong>Brundisium</strong></span> <span class='ocrx_word' id='word_1_132' title='bbox 290 1891 397 1935; x_wconf 90' lang='lat' dir='ltr'><strong>comes</strong></span> <span class='ocrx_word' id='word_1_133' title='bbox 420 1874 476 1935; x_wconf 90' lang='lat' dir='ltr'><strong>aut</strong></span> <span class='ocrx_word' id='word_1_134' title='bbox 500 1869 692 1935; x_wconf 81' lang='lat' dir='ltr'><strong>Surrentum</strong></span> <span class='ocrx_word' id='word_1_135' title='bbox 716 1870 832 1934; x_wconf 91' lang='lat' dir='ltr'><strong>ductus</strong></span> <span class='ocrx_word' id='word_1_136' title='bbox 856 1892 1026 1935; x_wconf 89' lang='lat' dir='ltr'><strong>amoenum</strong></span> 
     </span>
     <span class='ocr_line' id='line_1_20' title="bbox 58 1959 997 2044; baseline 0.001 -22"><span class='ocrx_word' id='word_1_137' title='bbox 58 1960 114 2043; x_wconf 90' lang='lat' dir='ltr'><strong>qui</strong></span> <span class='ocrx_word' id='word_1_138' title='bbox 139 1959 284 2043; x_wconf 87' lang='lat' dir='ltr'><strong>queritur</strong></span> <span class='ocrx_word' id='word_1_139' title='bbox 307 1961 448 2024; x_wconf 85' lang='lat' dir='ltr'><strong>salebras</strong></span> <span class='ocrx_word' id='word_1_140' title='bbox 472 1963 504 2025; x_wconf 91' lang='lat' dir='ltr'><strong>et</strong></span> <span class='ocrx_word' id='word_1_141' title='bbox 527 1959 677 2024; x_wconf 89' lang='lat' dir='ltr'><strong>acerbum</strong></span> <span class='ocrx_word' id='word_1_142' title='bbox 700 1959 805 2044; x_wconf 82' lang='lat' dir='ltr'><strong>frigus</strong></span> <span class='ocrx_word' id='word_1_143' title='bbox 830 1963 861 2024; x_wconf 91' lang='lat' dir='ltr'><strong>et</strong></span> <span class='ocrx_word' id='word_1_144' title='bbox 884 1959 997 2023; x_wconf 91' lang='lat' dir='ltr'><strong>imbris</strong></span> 
     </span>
     <span class='ocr_line' id='line_1_21' title="bbox 57 2047 960 2131; baseline 0.002 -20"><span class='ocrx_word' id='word_1_145' title='bbox 57 2052 114 2112; x_wconf 90' lang='lat' dir='ltr'><strong>aut</strong></span> <span class='ocrx_word' id='word_1_146' title='bbox 139 2049 251 2113; x_wconf 82' lang='lat' dir='ltr'><strong>cistam</strong></span> <span class='ocrx_word' id='word_1_147' title='bbox 276 2048 439 2113; x_wconf 88' lang='lat' dir='ltr'><strong>effractam</strong></span> <span class='ocrx_word' id='word_1_148' title='bbox 463 2053 495 2113; x_wconf 89' lang='lat' dir='ltr'><strong>et</strong></span> <span class='ocrx_word' id='word_1_149' title='bbox 518 2049 676 2113; x_wconf 90' lang='lat' dir='ltr'><strong>subducta</strong></span> <span class='ocrx_word' id='word_1_150' title='bbox 698 2048 817 2112; x_wconf 84' lang='lat' dir='ltr'><strong>viatica</strong></span> <span class='ocrx_word' id='word_1_151' title='bbox 839 2047 960 2131; x_wconf 82' lang='lat' dir='ltr'><strong>plorat,</strong></span> 
     </span>
    </p>

    <p class='ocr_par' dir='ltr' id='par_1_11' title="bbox 56 2137 1067 2311">
     <span class='ocr_line' id='line_1_22' title="bbox 56 2137 1067 2221; baseline 0.001 -19"><span class='ocrx_word' id='word_1_152' title='bbox 56 2142 135 2202; x_wconf 88' lang='lat' dir='ltr'><strong>nota</strong></span> <span class='ocrx_word' id='word_1_153' title='bbox 157 2138 257 2201; x_wconf 88' lang='lat' dir='ltr'><strong>refert</strong></span> <span class='ocrx_word' id='word_1_154' title='bbox 279 2138 457 2203; x_wconf 87' lang='lat' dir='ltr'><strong>meretricis</strong></span> <span class='ocrx_word' id='word_1_155' title='bbox 482 2138 641 2221; x_wconf 83' lang='lat' dir='ltr'><strong>acumina,</strong></span> <span class='ocrx_word' id='word_1_156' title='bbox 665 2159 760 2220; x_wconf 82' lang='lat' dir='ltr'><strong>saepe</strong></span> <span class='ocrx_word' id='word_1_157' title='bbox 783 2137 946 2221; x_wconf 81' lang='lat' dir='ltr'><strong>catellam,</strong></span> <span class='ocrx_word' id='word_1_158' title='bbox 1041 2164 1067 2203; x_wconf 84' lang='lat' dir='ltr'><strong>ss</strong></span> 
     </span>
     <span class='ocr_line' id='line_1_23' title="bbox 56 2226 942 2311; baseline -0.002 -20"><span class='ocrx_word' id='word_1_159' title='bbox 56 2248 152 2310; x_wconf 81' lang='lat' dir='ltr'><strong>saepe</strong></span> <span class='ocrx_word' id='word_1_160' title='bbox 175 2226 395 2311; x_wconf 83' lang='lat' dir='ltr'><strong>periscelidem</strong></span> <span class='ocrx_word' id='word_1_161' title='bbox 417 2230 544 2311; x_wconf 89' lang='lat' dir='ltr'><strong>raptam</strong></span> <span class='ocrx_word' id='word_1_162' title='bbox 564 2227 628 2290; x_wconf 88' lang='lat' dir='ltr'><strong>sibi</strong></span> <span class='ocrx_word' id='word_1_163' title='bbox 650 2226 771 2307; x_wconf 90' lang='lat' dir='ltr'><strong>flentis,</strong></span> <span class='ocrx_word' id='word_1_164' title='bbox 795 2230 844 2289; x_wconf 86' lang='lat' dir='ltr'><strong>uti</strong></span> <span class='ocrx_word' id='word_1_165' title='bbox 866 2249 942 2291; x_wconf 85' lang='lat' dir='ltr'><strong>mox</strong></span> 
     </span>
    </p>

    <p class='ocr_par' dir='ltr' id='par_1_12' title="bbox 56 2315 877 2399">
     <span class='ocr_line' id='line_1_24' title="bbox 56 2315 877 2399; baseline -0.001 -20"><span class='ocrx_word' id='word_1_166' title='bbox 56 2315 148 2380; x_wconf 87' lang='lat' dir='ltr'><strong>nulla</strong></span> <span class='ocrx_word' id='word_1_167' title='bbox 170 2316 249 2379; x_wconf 88' lang='lat' dir='ltr'><strong>fides</strong></span> <span class='ocrx_word' id='word_1_168' title='bbox 274 2317 399 2380; x_wconf 91' lang='lat' dir='ltr'><strong>damnis</strong></span> <span class='ocrx_word' id='word_1_169' title='bbox 423 2318 571 2399; x_wconf 87' lang='lat' dir='ltr'><strong>verisque</strong></span> <span class='ocrx_word' id='word_1_170' title='bbox 595 2315 761 2380; x_wconf 87' lang='lat' dir='ltr'><strong>doloribus</strong></span> <span class='ocrx_word' id='word_1_171' title='bbox 784 2315 877 2378; x_wconf 89' lang='lat' dir='ltr'><strong>adsit.</strong></span> 
     </span>
    </p>

    <p class='ocr_par' dir='ltr' id='par_1_13' title="bbox 56 2404 797 2470">
     <span class='ocr_line' id='line_1_25' title="bbox 56 2404 797 2470; baseline -0.004 -1"><span class='ocrx_word' id='word_1_172' title='bbox 56 2425 116 2469; x_wconf 91' lang='lat' dir='ltr'><strong>nec</strong></span> <span class='ocrx_word' id='word_1_173' title='bbox 140 2405 239 2469; x_wconf 84' lang='lat' dir='ltr'><strong>semel</strong></span> <span class='ocrx_word' id='word_1_174' title='bbox 261 2405 381 2469; x_wconf 90' lang='lat' dir='ltr'><strong>inrisus</strong></span> <span class='ocrx_word' id='word_1_175' title='bbox 405 2405 510 2469; x_wconf 85' lang='lat' dir='ltr'><strong>triviis</strong></span> <span class='ocrx_word' id='word_1_176' title='bbox 533 2404 682 2470; x_wconf 86' lang='lat' dir='ltr'><strong>attollere</strong></span> <span class='ocrx_word' id='word_1_177' title='bbox 705 2407 797 2468; x_wconf 89' lang='lat' dir='ltr'><strong>curat</strong></span> 
     </span>
    </p>

    <p class='ocr_par' dir='ltr' id='par_1_14' title="bbox 55 2493 1068 2757">
     <span class='ocr_line' id='line_1_26' title="bbox 56 2493 915 2579; baseline -0.001 -22"><span class='ocrx_word' id='word_1_178' title='bbox 56 2495 160 2560; x_wconf 88' lang='lat' dir='ltr'><strong>fracto</strong></span> <span class='ocrx_word' id='word_1_179' title='bbox 185 2515 277 2559; x_wconf 88' lang='lat' dir='ltr'><strong>crure</strong></span> <span class='ocrx_word' id='word_1_180' title='bbox 299 2494 447 2579; x_wconf 82' lang='lat' dir='ltr'><strong>planum,</strong></span> <span class='ocrx_word' id='word_1_181' title='bbox 470 2495 547 2558; x_wconf 89' lang='lat' dir='ltr'><strong>licet</strong></span> <span class='ocrx_word' id='word_1_182' title='bbox 570 2493 619 2558; x_wconf 90' lang='lat' dir='ltr'><strong>illi</strong></span> <span class='ocrx_word' id='word_1_183' title='bbox 642 2493 782 2576; x_wconf 90' lang='lat' dir='ltr'><strong>plurima</strong></span> <span class='ocrx_word' id='word_1_184' title='bbox 804 2498 915 2556; x_wconf 88' lang='lat' dir='ltr'><strong>manet</strong></span> 
     </span>
     <span class='ocr_line' id='line_1_27' title="bbox 55 2580 1068 2666; baseline 0.003 -20"><span class='ocrx_word' id='word_1_185' title='bbox 55 2583 201 2664; x_wconf 84' lang='lat' dir='ltr'><strong>lacrima,</strong></span> <span class='ocrx_word' id='word_1_186' title='bbox 225 2605 283 2666; x_wconf 90' lang='lat' dir='ltr'><strong>per</strong></span> <span class='ocrx_word' id='word_1_187' title='bbox 306 2587 453 2649; x_wconf 90' lang='lat' dir='ltr'><strong>sanctum</strong></span> <span class='ocrx_word' id='word_1_188' title='bbox 477 2583 601 2647; x_wconf 89' lang='lat' dir='ltr'><strong>iuratus</strong></span> <span class='ocrx_word' id='word_1_189' title='bbox 626 2582 712 2646; x_wconf 87' lang='lat' dir='ltr'><strong>dicat</strong></span> <span class='ocrx_word' id='word_1_190' title='bbox 735 2580 869 2648; x_wconf 88' lang='lat' dir='ltr'><strong>Osirim:</strong></span> <span class='ocrx_word' id='word_1_191' title='bbox 1041 2610 1068 2649; x_wconf 85' lang='lat' dir='ltr'><strong>se</strong></span> 
     </span>
     <span class='ocr_line' id='line_1_28' title="bbox 57 2671 909 2757; baseline -0.001 -20"><span class='ocrx_word' id='word_1_192' title='bbox 57 2672 202 2757; x_wconf 63' lang='lat' dir='ltr'><strong>‘credita</strong></span> <span class='ocrx_word' id='word_1_193' title='bbox 224 2694 291 2737; x_wconf 92' lang='lat' dir='ltr'><strong>non</strong></span> <span class='ocrx_word' id='word_1_194' title='bbox 313 2672 404 2757; x_wconf 81' lang='lat' dir='ltr'><strong>lud03</strong></span> <span class='ocrx_word' id='word_1_195' title='bbox 427 2672 586 2756; x_wconf 84' lang='lat' dir='ltr'><strong>crudeles,</strong></span> <span class='ocrx_word' id='word_1_196' title='bbox 608 2671 715 2737; x_wconf 88' lang='lat' dir='ltr'><strong>tollite</strong></span> <span class='ocrx_word' id='word_1_197' title='bbox 738 2671 909 2736; x_wconf 66' lang='lat' dir='ltr'><strong>claudum?</strong></span> 
     </span>
    </p>

    <p class='ocr_par' dir='ltr' id='par_1_15' title="bbox 56 2761 876 2845">
     <span class='ocr_line' id='line_1_29' title="bbox 56 2761 876 2845; baseline -0.002 -21"><span class='ocrx_word' id='word_1_198' title='bbox 56 2763 187 2845; x_wconf 82' lang='lat' dir='ltr'><strong>‘quaere</strong></span> <span class='ocrx_word' id='word_1_199' title='bbox 210 2763 429 2845; x_wconf 84' lang='lat' dir='ltr'><strong>peregrinum&#39;</strong></span> <span class='ocrx_word' id='word_1_200' title='bbox 454 2762 572 2826; x_wconf 84' lang='lat' dir='ltr'><strong>vicinia</strong></span> <span class='ocrx_word' id='word_1_201' title='bbox 595 2783 693 2826; x_wconf 90' lang='lat' dir='ltr'><strong>rauca</strong></span> <span class='ocrx_word' id='word_1_202' title='bbox 716 2761 876 2826; x_wconf 86' lang='lat' dir='ltr'><strong>reclamat.</strong></span> 
     </span>
    </p>
   </div>
   <div class='ocr_carea' id='block_1_3' title="bbox 492 2916 653 2924">
    <p class='ocr_par' dir='ltr' id='par_1_16' title="bbox 492 2916 653 2924">
     <span class='ocr_line' id='line_1_30' title="bbox 492 2916 653 2924; baseline -0.012 0"><span class='ocrx_word' id='word_1_203' title='bbox 492 2916 653 2924; x_wconf 80' lang='lat'><strong>—--·--—·</strong></span> 
     </span>
    </p>
   </div>
   <div class='ocr_carea' id='block_1_4' title="bbox 509 3018 628 3084">
    <p class='ocr_par' dir='ltr' id='par_1_17' title="bbox 509 3018 628 3084">
     <span class='ocr_line' id='line_1_31' title="bbox 509 3018 628 3084; baseline -0.017 0"><span class='ocrx_word' id='word_1_204' title='bbox 509 3018 628 3084; x_wconf 89' lang='lat' dir='ltr'><strong>XVIH.</strong></span> 
     </span>
    </p>
   </div>
   <div class='ocr_carea' id='block_1_5' title="bbox 56 3117 942 3381">
    <p class='ocr_par' dir='ltr' id='par_1_18' title="bbox 56 3117 942 3381">
     <span class='ocr_line' id='line_1_32' title="bbox 58 3117 835 3201; baseline -0.003 -18"><span class='ocrx_word' id='word_1_205' title='bbox 58 3118 94 3183; x_wconf 85' lang='lat' dir='ltr'><strong>Si</strong></span> <span class='ocrx_word' id='word_1_206' title='bbox 117 3118 198 3182; x_wconf 93' lang='lat' dir='ltr'><strong>bene</strong></span> <span class='ocrx_word' id='word_1_207' title='bbox 221 3122 254 3182; x_wconf 91' lang='lat' dir='ltr'><strong>te</strong></span> <span class='ocrx_word' id='word_1_208' title='bbox 277 3118 366 3201; x_wconf 84' lang='lat' dir='ltr'><strong>novi,</strong></span> <span class='ocrx_word' id='word_1_209' title='bbox 389 3123 526 3201; x_wconf 84' lang='lat' dir='ltr'><strong>metues,</strong></span> <span class='ocrx_word' id='word_1_210' title='bbox 549 3118 712 3182; x_wconf 90' lang='lat' dir='ltr'><strong>liberrime</strong></span> <span class='ocrx_word' id='word_1_211' title='bbox 735 3117 835 3200; x_wconf 85' lang='lat' dir='ltr'><strong>Lolh&#39;,</strong></span> 
     </span>
     <span class='ocr_line' id='line_1_33' title="bbox 57 3207 942 3292; baseline -0.001 -21"><span class='ocrx_word' id='word_1_212' title='bbox 57 3209 233 3272; x_wconf 86' lang='lat' dir='ltr'><strong>scurrantis</strong></span> <span class='ocrx_word' id='word_1_213' title='bbox 256 3207 396 3291; x_wconf 89' lang='lat' dir='ltr'><strong>speciem</strong></span> <span class='ocrx_word' id='word_1_214' title='bbox 418 3208 584 3292; x_wconf 86' lang='lat' dir='ltr'><strong>praebere,</strong></span> <span class='ocrx_word' id='word_1_215' title='bbox 607 3207 771 3291; x_wconf 85' lang='lat' dir='ltr'><strong>professus</strong></span> <span class='ocrx_word' id='word_1_216' title='bbox 795 3207 942 3270; x_wconf 87' lang='lat' dir='ltr'><strong>amicum.</strong></span> 
     </span>
     <span class='ocr_line' id='line_1_34' title="bbox 56 3296 785 3381; baseline -0.001 -20"><span class='ocrx_word' id='word_1_217' title='bbox 56 3300 94 3361; x_wconf 88' lang='lat' dir='ltr'><strong>ut</strong></span> <span class='ocrx_word' id='word_1_218' title='bbox 117 3301 265 3362; x_wconf 87' lang='lat' dir='ltr'><strong>matrona</strong></span> <span class='ocrx_word' id='word_1_219' title='bbox 287 3296 449 3361; x_wconf 89' lang='lat' dir='ltr'><strong>meretrici</strong></span> <span class='ocrx_word' id='word_1_220' title='bbox 472 3297 581 3381; x_wconf 89' lang='lat' dir='ltr'><strong>dispar</strong></span> <span class='ocrx_word' id='word_1_221' title='bbox 604 3297 666 3360; x_wconf 87' lang='lat' dir='ltr'><strong>erit</strong></span> <span class='ocrx_word' id='word_1_222' title='bbox 689 3300 785 3380; x_wconf 88' lang='lat' dir='ltr'><strong>atque</strong></span> 
     </span>
    </p>
   </div>
   <div class='ocr_carea' id='block_1_6' title="bbox 128 3419 468 3491">
    <p class='ocr_par' dir='ltr' id='par_1_19' title="bbox 128 3419 468 3491">
     <span class='ocr_line' id='line_1_35' title="bbox 128 3419 468 3491; baseline 0.003 -19"><span class='ocrx_word' id='word_1_223' title='bbox 128 3419 262 3490; x_wconf 57' lang='lat' dir='ltr'><strong>(mn</strong></span> <span class='ocrx_word' id='word_1_224' title='bbox 331 3419 468 3491; x_wconf 60' lang='lat' dir='ltr'><strong>smne</strong></span> 
     </span>
    </p>
   </div>
   <div class='ocr_carea' id='block_1_7' title="bbox 56 3523 1082 3670">
    <p class='ocr_par' dir='ltr' id='par_1_20' title="bbox 56 3523 1082 3670">
     <span class='ocr_line' id='line_1_36' title="bbox 129 3523 1082 3597; baseline 0 -18"><span class='ocrx_word' id='word_1_225' title='bbox 129 3524 167 3579; x_wconf 76' lang='lat'><strong>38</strong></span> <span class='ocrx_word' id='word_1_226' title='bbox 186 3526 317 3595; x_wconf 88' lang='lat' dir='ltr'><strong>peruenit</strong></span> <span class='ocrx_word' id='word_1_227' title='bbox 335 3526 371 3596; x_wconf 62' lang='lat' dir='ltr'><strong>Q)</strong></span> <span class='ocrx_word' id='word_1_228' title='bbox 388 3526 438 3597; x_wconf 61' lang='grc' dir='ltr'><strong>(ᾧ,</strong></span> <span class='ocrx_word' id='word_1_229' title='bbox 462 3524 625 3595; x_wconf 85' lang='lat' dir='ltr'><strong>peruenerit</strong></span> <span class='ocrx_word' id='word_1_230' title='bbox 644 3527 668 3578; x_wconf 91' lang='grc' dir='ltr'><strong><em>Φ</em></strong></span> <span class='ocrx_word' id='word_1_231' title='bbox 740 3523 779 3578; x_wconf 76' lang='lat'><strong>43</strong></span> <span class='ocrx_word' id='word_1_232' title='bbox 798 3542 847 3578; x_wconf 89' lang='lat' dir='ltr'><strong>suo</strong></span> <span class='ocrx_word' id='word_1_233' title='bbox 867 3525 903 3595; x_wconf 73' lang='grc' dir='ltr'>Θ</span> <span class='ocrx_word' id='word_1_234' title='bbox 920 3523 970 3596; x_wconf 61' lang='grc' dir='ltr'><strong>(ᾧ,</strong></span> <span class='ocrx_word' id='word_1_235' title='bbox 997 3541 1047 3579; x_wconf 88' lang='lat' dir='ltr'><strong>sua</strong></span> <span class='ocrx_word' id='word_1_236' title='bbox 1067 3546 1082 3587; x_wconf 83' lang='grc' dir='ltr'><strong><em>ς</em></strong></span> 
     </span>
     <span class='ocr_line' id='line_1_37' title="bbox 56 3595 643 3670; baseline 0.002 -20"><span class='ocrx_word' id='word_1_237' title='bbox 56 3595 95 3651; x_wconf 82' lang='lat'><strong>44</strong></span> <span class='ocrx_word' id='word_1_238' title='bbox 114 3596 208 3651; x_wconf 84' lang='lat' dir='ltr'><strong>ferent</strong></span> <span class='ocrx_word' id='word_1_239' title='bbox 225 3597 277 3670; x_wconf 56' lang='lat' dir='ltr'><strong>dr),</strong></span> <span class='ocrx_word' id='word_1_240' title='bbox 300 3597 395 3650; x_wconf 86' lang='lat' dir='ltr'><strong>ferunt</strong></span> <span class='ocrx_word' id='word_1_241' title='bbox 413 3598 456 3663; x_wconf 84' lang='lat' dir='ltr'><strong>E,</strong></span> <span class='ocrx_word' id='word_1_242' title='bbox 480 3597 643 3651; x_wconf 77' lang='lat' dir='ltr'><strong>A¹ecaaait</strong></span> 
     </span>
    </p>
   </div>
   <div class='ocr_carea' id='block_1_8' title="bbox 0 0 1198 3974">
    <p class='ocr_par' dir='ltr' id='par_1_21' title="bbox 0 0 1198 3974">
     <span class='ocr_line' id='line_1_38' title="bbox 0 0 1198 3974; baseline 0 0"><span class='ocrx_word' id='word_1_243' title='bbox 0 0 1198 3974; x_wconf 95' lang='lat' dir='ltr'><strong> </strong></span> 
     </span>
    </p>
   </div>
  </div>
 </body>
</html>
